3510 5610
215 333 437 389 VERBORUM

212 508 317 579 τρίτος
336 507 416 572 23,21
437 507 518 570 2619
538 506 620 570 2920
638 506 721 572 4125
740 505 827 568 4224.
838 505 872 557 25

266 596 330 660 61,8
370 597 414 665 μία
438 593 623 664 μὲν...άλλη
648 594 819 663 δέ...τρίτη
845 593 871 646 δέ

267 683 347 747 15,10
383 690 485 756 πρῶτον
508 687 554 751 μὲν
567 722 574 734 .
588 722 594 735 .
608 722 614 735 .
629 682 714 735 ἔπειτα
727 718 733 731 .
748 719 753 731 .
768 721 775 733 .
788 682 870 752 τρίτον

264 769 290 824 δέ
306 772 379 838 10,17
410 777 512 843 πρῶτον
526 771 571 840 μὲν
585 810 591 823 .
603 810 610 823 .
624 809 639 832 .,
656 768 771 841 δεὺτερον
782 767 808 822 δέ
819 809 825 822 .
837 809 843 822 .
854 807 870 835 .,

263 860 347 929 τρίτον
361 899 368 913 .
382 900 388 913 .
402 899 418 926 .,
437 861 555 931 τέταρτον
575 857 653 925 3426

210 955 431 1020 τριττυαρχεῖν
450 947 481 1000 fr.
495 946 511 999 3
531 963 556 1014 p.
570 944 630 1011 86‚3

210 1035 418 1107 τριττὺαρχος
435 1034 495 1087 ίτ.3
515 1050 539 1102 p.
553 1032 682 1099 85,40.41
704 1049 729 1101 ρ.
742 1032 803 1097 86,3

209 1122 335 1193 τριττὺς
359 1125 431 1174 tertia
449 1140 514 1192 pars
537 1124 599 1186 (τῶν
622 1121 780 1189 πρυτάνεων)
803 1121 868 1186 48,4

263 1216 325 1273 (τῶν
349 1210 450 1280 φυλῶν)
474 1225 533 1278 syn.
551 1208 668 1279 φρατρίαι
690 1209 752 1262 ίτ.3
775 1210 811 1278 (ρ.
825 1209 868 1276 84,

265 1297 304 1351 13.
311 1297 393 1351 2029
408 1316 433 1367 p.
444 1297 513 1364 85,3.
524 1295 548 1350 5.
562 1295 602 1348 12.
615 1298 655 1349 18.
665 1296 707 1350 26.
718 1298 760 1351 30.
771 1296 814 1351 36.
825 1296 867 1350 37.

262 1384 405 1439 39.40.41
435 1402 460 1455 ρ.
480 1384 556 1453 862)
585 1384 649 1450 9,16
678 1384 865 1447 24,17.18.21

260 1472 322 1536 482

208 1562 335 1632 τρίχους
353 1560 431 1626 78,19

207 1647 382 1717 τριώβολον
400 1648 478 1714 43,17

208 1743 340 1806 τρομεῖν.
378 1735 430 1806 ῆθη
454 1735 582 1790 δεσποτῶν
600 1736 784 1805 τρομευμένους
803 1735 865 1789 8010

264 1823 337 1884 1326

207 1911 328 1981 τρόπος.
359 1916 449 1965 τοῦτον
467 1912 512 1965 τὸν
530 1912 622 1984 τρόπον
642 1913 687 1977 5,3
709 1910 784 1978 1024
807 1911 863 1977 12,1

264 1998 432 2063 18,122922
450 2000 529 2065 3523
548 2000 626 2069 37,17
644 1999 706 2063 45,8
725 1999 802 2066 6222
822 2000 865 2062 70,

262 2087 293 2139 12
307 2087 368 2152 77,4
397 2089 470 2142 τόνδε
488 2090 532 2142 τὸν
545 2089 638 2159 τρόπον
652 2089 708 2152 5,11
725 2088 786 2154 7,18
807 2087 866 2153 18,3

259 2174 341 2239 3317
370 2176 434 2241 39,8
461 2177 544 2239 4318
589 2176 633 2229 τδν
665 2175 742 2228 αὑτὸν
772 2175 865 2247 τρόπον

259 2262 319 2328 2Ο,5
339 2262 398 2325 292
418 2264 493 2330 75,11
515 2264 575 2328 822
611 2265 765 2332 (numquam
784 2263 864 2317 eollo-

258 2357 333 2404 catur
355 2351 399 2403 τδν
417 2352 511 2422 τρόπον
535 2358 596 2405 ante
615 2353 773 2420 pronomina
793 2351 865 2405 velut

257 2438 343 2508 τρόπῳ
356 2438 447 2508 τοιῷδε
456 2439 528 2506 37,7)
557 2439 584 2492 θν
596 2439 690 2511 τρόπον
701 2439 759 2505 62,1
790 2436 864 2508 όνπερ

257 2527 349 2595 τρόπον
371 2527 445 2592 11,17

204 2615 311 2684 τροφή.
348 2614 364 2684 ἠ
384 2616 465 2685 τροφὴ
489 2619 527 2684 τῷ
545 2614 620 2686 δῆμιρ
639 2615 679 2668 διὰ
696 2613 795 2668 τοὺτων
814 2616 863 2685 ἐχί-

257 2720 328 2771 γνετο
348 2702 430 2767 2822
471 2704 567 2774 τροφὴν
593 2702 692 2756 ἔσεσθαι
717 2709 776 2756 πᾶσι
795 2703 890 2793 285.

256 2790 359 2861 εὐπορία
377 2796 474 2861 τροφῆς
492 2791 566 2855 2821
606 2791 693 2844 δίδωσι
711 2793 745 2850 είς
763 2793 860 2863 τροφὴν

256 2877 372 2949 δραχμὴν
395 2880 496 2950 ἑκάστῳ
519 2879 602 2943 4425
646 2879 740 2932 διδόναι
762 2880 859 2951 τροφῆν

255 2965 299 3019 δὺο
319 2966 424 3037 ὀβολοὺς
442 2969 542 3037 έκάστιρ
562 2967 622 3033 542

202 3056 315 3126 τροχός
334 3064 396 3109 nota
415 3057 490 3122 equis
510 3057 600 3109 inusta
619 3054 678 3120 532

201 3150 328 3216 τρυπᾶν.
366 3144 451 3214 ψῆφος
469 3144 644 3214 τετρυπημένη
664 3146 737 3211 (σμγ).
749 3142 857 3214 πλῆρης)

253 3230 672 3297 80,9.11.1281,11.1582,3.5
702 3233 734 3283 τοί
746 3235 859 3302 τρυπητδ

254 3323 296 3373 καί
313 3322 345 3373 τά
363 3320 447 3393 πλήρη
467 3320 525 3387 82,1

200 3407 298 3480 τρὺπη
304 3429 351 3477 μα.
377 3411 416 3462 ἐπί
426 3409 509 3478 ἄβακα
519 3408 671 3477 τρυπῆματα
682 3409 773 3481 ἔχοντα
781 3410 810 3463 81
817 3410 859 3476 ,18

200 3499 374 3570 τυγχάνειν.
401 3498 426 3549 τί
438 3495 536 3548 τοὺτων
550 3497 605 3565 πρὶν
619 3503 702 3568 τυχεῖν
712 3498 859 3568 ἐπαυσάμην

253 3586 313 3651 quid
329 3585 410 3635 λοπιιπι
437 3603 482 3636 που
506 3588 569 3649 (1.0.
588 3585 758 3653 haecomnia)
777 3605 860 3637 conse·

252 3685 319 3725 ουτοι
332 3692 375 3740 τρο
386 3674 449 3724 desii
458 3673 519 3727 Solo
533 3673 591 3737 13‚4
619 3673 676 3743 (τῆς
687 3676 772 3744 τιμῆς)
785 3675 860 3738 1424

252 3777 274 3814 c.
287 3767 353 3828 ρειτέ.
372 3760 510 3833 ἐτὺγχανον
533 3762 682 3832 μετέχοντες
703 3762 751 3824 42
788 3762 857 3832 ίτὺγ-

252 3868 328 3919 χανεν
341 3847 413 3907 οὗτος
433 3851 478 3918 μὲν
492 3848 634 3921 δεχόμενος,
654 3849 667 3903 δ
681 3846 705 3903 δ’
716 3846 858 3924 Ἵππαρχος

252 3936 414 3990 ἀποστέλλων
443 3939 489 4009 τῆν
512 3939 617 4008 πομπήν
645 3937 687 4003 20,
696 3937 729 3992 25
771 3939 856 4011 ἄρχειν

251 4026 286 4079 ὧν
306 4027 396 4098 ἔτυχον
416 4026 536 4096 ἄρχοντες
558 4025 642 4092 28,10
666 4026 776 4090 01.59,9
813 4025 856 4097 ἐφ’

250 4115 286 4172 οἷς
316 4116 431 4184 ἑκάτεροι
460 4117 625 4183 τυγχάνουσιν
656 4115 756 4187 ἔχοντες
793 4113 855 4181 36‚1

249 4203 384 4275 ἐτὺγχανον
404 4202 577 4272 ὠφελούμενοι
596 4202 656 4268 36,8
692 4204 857 4272 τυγχάνουσιν

249 4291 278 4344 τὸ
306 4293 332 4343 ἐν
357 4287 508 4358 Ἠετιωνείρι
535 4297 619 4364 τεῖχος
646 4289 857 4360 κατασκάψαντες

249 4379 326 4445 3922
350 4378 485 4451 ἐτὺχχονεν
494 4379 646 4448 ἀμφοτέρων
656 4378 855 4448 κεκοινωνηκιὺς

249 4467 326 4532 3924
355 4469 410 4519 abs.
423 4473 475 4519 τῶν
484 4466 619 4540 τυχόντων
633 4467 706 4536 (ορρ.
716 4473 769 4518 τῶν
781 4466 856 4520 ἐπιει·

249 4559 313 4621 κῶν)
334 4554 477 4627 ἀνθρώπων
497 4554 570 4617 3021

196 4643 338 4696 τὺπανον.
370 4644 515 4713 ἐπωνυμίαν
529 4644 600 4716 ἔσχεν
619 4642 632 4697 δ
651 4643 701 4697 άπὸ
719 4646 764 4697 τοὺ
777 4647 854 4698 τυπά-

248 4750 292 4783 νου
312 4733 371 4796 492

196 4827 359 4888 τυραννεῖν
387 4820 470 4873 absol.
495 4820 575 4887 11,·28
603 4822 644 4875 lex
678 4820 756 4889 1924
798 4823 855 4892 (τῆς

248 4907 357 4975 πόλεως)
377 4908 419 4975 7,5

1288 326 1433 397 ὑπεξίέναι
1523 327 1580 392 151

924 501 1115 574 τυραννικός
1134 500 1228 568 (οὑσία)
1241 499 1319 566 30,12
1357 501 1416 553 adv.
1429 505 1583 570 τυραννικῶς

978 592 1050 659 (opp.
1064 589 1212 654 πολιτικῶς)
1234 589 1292 655 17,6
1314 588 1389 653 18,14

923 681 1075 753 τυραννίς.
1112 677 1169 731 οὑδί
1192 695 1235 746 μοι
1252 675 1394 746 τυραννίδος
1418 675 1516 728 ἁνδάνει
1540 676 1582 748 βίᾳ

975 787 1000 820 τι
1018 767 1095 838 βέζειν
1114 764 1266 833 80101221
1304 764 1482 836 (τραχυτέραν)
1502 763 1580 829 21,18

974 853 1120 921 (Κόλωνος)
1143 854 1215 922 Εμίέ.
1233 853 1294 906 Her.
1317 869 1343 921 p.
1361 852 1444 918 8726
1490 849 1582 918 (ssuct-

973 946 1090 1014 στράτου)
1107 941 1181 1007 1822
1198 940 1269 1006 19,11
1292 941 1377 1007 21,18.
1388 941 1422 993 24
1441 940 1520 1009 25,ίῦ
1538 941 1581 1006 26,

976 1033 1008 1084 14
1030 1031 1112 1096 4227
1150 1031 1166 1100 ν)
1189 1036 1242 1082 τῶν
1265 1030 1400 1101 τριάκοντα
1423 1029 1466 1082 καί
1489 1029 1506 1100 ῆ
1529 1035 1581 1081 τῶν

973 1121 1034 1174 δέκα
1057 1119 1171 1190 τυραννίς
1193 1117 1258 1183 43,6
1298 1117 1345 1186 τὴν
1368 1122 1415 1188 τῆς
1436 1117 1582 1188 τυραννίδος

973 1209 1126 1261 κατάστασιν
1147 1204 1227 1272 1923
1263 1212 1365 1278 κατεῖχε
1382 1206 1429 1275 τὴν
1448 1205 1581 1275 τυραννίδα

977 1295 1038 1363 18,1
1059 1294 1166 1361 06237
1204 1291 1360 1364 συγκαθίστη
1382 1294 1429 1364 τῆν
1448 1295 1580 1365 τυραννίδα

973 1385 1016 1437 lex
1035 1382 1115 1449 1925
1157 1382 1338 1435 ἐπανιστῶντσι
1366 1373 1418 1462 [ἐπὶ
1439 1374 1578 1464 τυραννίδι]

975 1470 1055 1530 1925
1096 1469 1282 1540 καταλυθείσης
1307 1474 1354 1540 τῆς
1381 1491 1403 1524 τ.
1421 1470 1485 1533 239
1513 1471 1577 1537 31,6

972 1565 1024 1612 τῶν
1043 1557 1147 1612 ἄπωθεν
1165 1563 1212 1629 τῆς
1229 1558 1372 1631 τυραννίδος
1390 1558 1468 1617 2618

919 1649 1070 1720 τὺραννος
1087 1648 1196 1717 κατέστη
1216 1647 1395 1713 (Pisistratus)
1416 1646 1490 1712 1927
1517 1644 1577 1714 26,7

972 1738 995 1790 οί
1018 1736 1135 1805 τὺραννοι
1157 1737 1175 1788 i.
1192 1751 1217 1803 q.
1242 1735 1265 1789 οἱ
1289 1731 1485 1807 Πεισιστρατίδαι
1512 1734 1578 1800 22,4

972 1823 1051 1890 2320
1064 1823 1123 1889 24,4
1134 1839 1191 1892 sqq.
1223 1823 1290 1893 φίλοι
1307 1830 1360 1882 τοῖς
1372 1825 1499 1894 τυράννοις
1512 1822 1576 1890 (τῶν

971 1913 1112 1984 τυράννων)
1135 1911 1200 1982 ἦσαν
1219 1910 1292 1978 21,5.
1306 1910 1337 1963 10
1355 1910 1439 1978 23,10
1458 1911 1575 1975 23316

970 2002 1017 2070 τῆν
1035 2007 1087 2053 τῶν
1105 2000 1235 2068 τυράννων
1254 1999 1389 2052 κατάλυσιν
1404 1999 1480 2066 1524
1498 1997 1577 2065 2420

970 2088 1047 2149 4227
1085 2092 1131 2158 τῆς
1155 2086 1263 2157 ἐκβολῆς
1285 2107 1308 2140 τ.
1321 2107 1344 2141 τ.
1358 2089 1418 2155 24,4
1437 2086 1515 2154 3524
1552 2088 1576 2140 οἱ

969 2176 1024 2247 περί
1041 2182 1094 2228 τῶν
1113 2194 1136 2228 τ.
1149 2175 1222 2244 νόμοι
1243 2176 1317 2244 1927

912 2526 1028 2602 Ὕβρις.
1068 2532 1148 2584 τίκτει
1166 2532 1212 2602 γὰρ
1232 2530 1307 2602 κόρος
1325 2527 1395 2601 ὑβριν
1414 2529 1476 2583 Solo
1498 2529 1574 2594 1222

915 2618 1063 2690 ὑβριστής
1082 2618 1160 2686 2028

914 2706 1012 2776 ὑγρός.
1051 2708 1129 2777 μέτρα
1148 2707 1211 2779 ξηρά
1230 2709 1272 2760 καί
1291 2706 1353 2776 ὑγρά
1372 2705 1415 2771 8,8

914 2793 1002 2861 ὑδρία
1021 2795 1137 2847 iudicum
1157 2795 1252 2860 74,5.6
1272 2793 1351 2860 7523

913 2879 996 2954 ὑδωρ
1015 2882 1093 2935 horas
1113 2882 1227 2935 actionis
1247 2882 1358 2935 metiens
1371 2880 1440 2949 78,5.
1454 2880 1485 2933 18
1503 2879 1573 2947 792.

966 2969 1114 3034 6.1182,9

911 3058 977 3115 υἱός
997 3057 1073 3123 1922
1092 3058 1153 3122 20,4
1172 3057 1233 3124 234

912 3145 1002 3213 ὑμεῖς
1021 3146 1095 3215 (opp.
1108 3144 1192 3215 ἡμεῖς)
1212 3144 1273 3199 Solo
1288 3145 1356 3212 6,12.
1368 3144 1402 3199 15

911 3232 1085 3303 ὑπαίθριος.
1123 3233 1264 3295 δικάζουσιν
1284 3232 1411 3305 ὑπαίθριοι
1430 3234 1489 3301 67,7

911 3321 1092 3375 ὑπακοὺειν.
1124 3323 1171 3393 οὑχ
1188 3320 1372 3375 ὑπακουόντων
1392 3323 1497 3376 ἐκείνων
1510 3321 1569 3390 36,1

964 3410 992 3463 τὸ
1011 3409 1107 3480 πλῆθος
1127 3409 1175 3483 οὑχ
1193 3409 1335 3479 ὑπήκουσεν
1354 3409 1432 3476 3623
1469 3409 1572 3482 κληθεὶς

965 3500 1008 3552 καί
1027 3498 1173 3557 ὑπακοὺσας
1191 3496 1268 3566 75,12

912 3586 1074 3658 ὑπάρχειν.
1105 3586 1134 3640 οὑ
1152 3589 1199 3657 γάρ
1212 3586 1319 3645 ίίπαντες
1331 3585 1445 3659 ὑπῆρχον
1464 3588 1501 3640 ἔτι
1518 3594 1572 3648 τοῖς

965 3676 1051 3732 τόποις
1070 3674 1130 3740 255
1167 3675 1274 3747 ὑπάρχει
1292 3673 1305 3727 δ
1324 3675 1457 3746 ἐμπῆκτης
1476 3676 1509 3736 τίς
1527 3676 1571 3730 τὸν

963 3762 1070 3833 ἀριθμόν
1084 3764 1162 3829 75,12
1192 3763 1208 3833 ῆ
1228 3763 1288 3832 πρὸς
1306 3765 1365 3821 τοὺς
1377 3761 1500 3833 Ἀργείους
1519 3773 1571 3823 τοῖς

963 3848 1172 3923 Πεισιστρατίδαις
1202 3850 1353 3924 ὑπάρχουσα
1381 3851 1450 3920 φιλία
1485 3850 1527 3914 22,
1537 3848 1569 3903 15

962 3938 1046 4009 ὥσπερ
1074 3939 1186 4012 ὑπῆρχεν
1217 3942 1260 3992 καί
1287 3939 1408 4011 πρότερον
1436 3939 1572 3995 ἐπίσκοπος

963 4027 1025 4080 οὑσα
1043 4032 1090 4097 τῆς
1107 4026 1231 4085 πολιτείας
1252 4028 1310 4092 10,4

910 4115 1047 4188 ὑπαρχῆ.
1084 4115 1157 4169 πάλιν
1182 4115 1208 4176 ἐξ
1227 4115 1342 4188 ὑπαρχῆς
1361 4113 1426 4180 5,22
1445 4112 1569 4178 (formula

963 4205 1141 4268 Aristotelica)

908 4291 1085 4362 ὑπεξαιρεῖν
1110 4294 1178 4346 med.
1192 4290 1398 4365 ὑπεξαιροὺμενοι
1421 4289 1464 4343 τὸν
1490 4289 1569 4360 φόβον

961 4379 1040 4444 3823

908 4467 1092 4530 ὑπεξελθεῖν
1113 4486 1136 4522 v.
1150 4468 1330 4543 ὑπεξίρχεσθαι

907 4556 1143 4630 ὑπεῖίρχεσθαι.
1167 4557 1289 4629 φοβηθεὶς
1301 4555 1443 4625 ἀμφοτέρας
1453 4556 1498 4613 τάς
1508 4557 1566 4609 στά-

960 4662 1009 4704 σεις
1032 4643 1171 4715 ὑπεξῆλθεν
1198 4646 1276 4711 1721
1319 4642 1499 4706 ὑπεξελθόντος
1521 4648 1567 4698 τοῦ

961 4730 1125 4792 Κλεισθένους
1145 4732 1222 4796 2325

907 4822 1077 4883 ὑπεξίέναι.
1127 4821 1256 4873 συνέπεσεν
1288 4818 1434 4881 ὑπεξιόντος
1470 4820 1566 4874 ἁλῶναι

960 4910 1017 4966 τοὺς
1037 4915 1090 4961 τῶν
1109 4905 1317 4977 Πεισιστρατιδῶν
1337 4909 1396 4967 υίεῖς
1415 4909 1476 4973 233
