3510 5610
408 543 738 631 [ΑΡΙΣΤΟΤΕΛΟΥΣ]
762 544 954 613 ΙΑΤΡΙΚΩΝ
979 546 1218 614 ΜΕΝΩΝΕΙΩΝ

622 778 846 837 FRAGMENTA
867 780 1026 849 RELIQUA

439 973 463 1037 I.
502 973 635 1058 [Fragm.
646 975 685 1039 V.
708 974 787 1040 Rose
802 975 864 1040 335
880 975 991 1053 Βοτοί,
1014 975 1076 1041 333
1092 972 1189 1061 Lips.]

273 1132 423 1197 (ὶιιεκυο
445 1132 478 1195 in
499 1152 610 1197 comm.
632 1130 672 1195 ad
692 1132 707 1195 Ι
727 1131 820 1215 llipp.
843 1131 882 1196 do
904 1138 968 1196 nat.
989 1131 1071 1196 hom.
1091 1130 1164 1215 (XV
1182 1132 1276 1216 25sq.
1296 1132 1366 1216 K.):
1389 1136 1437 1199 καὶ

192 1250 376 1337 Θεόφραστος
397 1248 424 1314 δ’
451 1249 486 1314 ἂν
507 1250 539 1314 ἐν
561 1254 624 1320 ταῖς
645 1255 703 1315 τῶν
726 1251 862 1315 Φυσικῶν
885 1250 976 1321 δοξῶν
1004 1251 1155 1335 ἐπιτομαῖς
1180 1253 1233 1337 τὴν
1256 1251 1438 1337 Ξενοφάνους

191 1370 284 1451 δόξαν,
306 1368 389 1453 εἴπερ
411 1369 504 1438 οὕτως
525 1369 615 1457 εἶχεν,
637 1370 799 1455 ἐγεγράφει.
833 1371 883 1433 καί
904 1390 949 1433 σοι
971 1372 1117 1453 πάρεστιν,
1140 1370 1165 1434 εἰ
1180 1371 1292 1456 χαίροις
1314 1376 1351 1455 τῇ
1371 1373 1437 1457 περὶ

189 1489 296 1553 τούτων
319 1490 439 1574 ίστορίογ,
461 1489 512 1557 τὰς
533 1493 583 1552 τοῦ
607 1488 797 1574 Θεοφράστου
819 1490 933 1574 βίβλους
955 1490 1126 1574 ἀνεμῶναι,
1153 1489 1220 1555 καθ’
1248 1491 1282 1561 ἃς
1304 1492 1356 1574 τὴν
1378 1492 1436 1554 ἐπι-

190 1610 281 1693 τομὴν
302 1610 459 1693 ἐποιήσατο
481 1612 538 1671 τῶν
555 1608 691 1672 Φυσικῶν
714 1608 815 1683 δοξῶν,
838 1609 937 1692 ὥσπερ
952 1632 985 1690 γε
1007 1610 1092 1672 πάλιν
1114 1609 1141 1673 εἰ
1156 1609 1206 1679 τὰς
1228 1613 1285 1673 τῶν
1305 1613 1436 1674 παλαιῶν

190 1731 295 1814 ἰατρῶν
316 1726 400 1796 δόξας
422 1725 534 1794 ἐθέλοις
557 1728 716 1811 ἱστορῆσαι,
738 1727 861 1811 πάρεστί
879 1749 924 1791 σοι
946 1729 997 1796 τὰς
1023 1734 1075 1812 τῆς
1102 1729 1260 1814 ἰατρικῆς
1286 1751 1436 1812 συναγω·

189 1855 250 1933 γῆς
276 1849 438 1933 ἀναγνῶναι
464 1846 618 1933 βίβλους,
646 1847 892 1932 ἐπιγεγραμμένας
919 1849 971 1931 μὲν
996 1845 1249 1931 Ἀριστοτέλει,
1281 1849 1436 1932 ὁμολογου-

190 1967 277 2050 μένας
298 1967 331 2030 δέ
353 1968 409 2031 ὑπὸ
431 1971 481 2032 τοῦ
504 1964 683 2041 Μένωνος,
717 1966 749 2037 ὃς
770 1965 807 2051 ἦν
831 1968 966 2053 μαθητὴς
988 1967 1092 2042 αἰιτοϋ,
1118 1967 1293 2052 γεγράφθαι,
1322 1968 1366 2031 διὸ
1388 1968 1437 2031 καί

190 2086 373 2151 Μενώνεια
399 2087 659 2172 προσαγορεύουσιν
685 2084 755 2149 ἔνιοι
781 2091 862 2150 ταυτὶ
887 2087 924 2150 τὰ
950 2087 1053 2171 βιβλία.
1098 2090 1186 2170 δῆλον
1215 2088 1248 2149 δὲ
1275 2085 1319 2149 ὅτι
1345 2087 1394 2150 καὶ
1420 2087 1436 2149 ὁ

189 2205 294 2271 Μένων
316 2206 436 2287 ἐκεῖνος,
463 2207 646 2291 ἀναζητήσας
667 2205 813 2290 ἐπιμελῶς
834 2208 870 2269 τὰ
892 2208 1095 2291 διασφίόμενα
1116 2205 1178 2271 κατ’
1206 2205 1292 2269 αὐτὸν
1315 2203 1357 2268 ἔτι
1378 2210 1436 2269 τῶν

189 2331 319 2391 παλαιῶν
341 2326 452 2411 ἰατρῶνΙ
469 2326 574 2411 βιβλία,
596 2326 648 2394 τὰς
670 2325 754 2396 δόξας
774 2325 870 2389 αὐτῶν
893 2325 1005 2390 ἐκεῖθεν
1033 2324 1194 2394 ἀνελέίατο.
1239 2328 1296 2388 τῶν
1323 2323 1350 2387 δ’
1377 2323 1435 2407 ἤδη

188 2445 411 2532 διεφθαρμένων
433 2446 622 2520 παντάπασιν,
644 2445 854 2530 ἢσιρζομένων
872 2445 934 2527 μέν,
957 2444 991 2507 οὐ
1008 2445 1220 2529 θεωρηθέντων
1233 2442 1278 2526 (?)
1303 2442 1328 2506 δ’
1346 2442 1436 2527 αὐτῷ,

187 2568 236 2637 τὰς
257 2569 376 2651 γνώμας
397 2565 450 2629 οὐκ
471 2564 594 2650 ἠδύνατο
616 2566 733 2651 γράψαι.
771 2564 844 2628 κατὰ
866 2562 947 2627 ταῦτ’
964 2562 1014 2627 οὖν
1037 2564 1072 2626 τὰ
1095 2564 1192 2648 βιβλία
1213 2564 1305 2649 χολὴν
1328 2562 1435 2647 ξανθὴν

189 2688 207 2769 ἦ·
231 2687 366 2770 μέλαιναν
389 2687 408 2769 ἢ
430 2685 546 2770 φλέγμα
569 2688 711 2769 στοιχεῖον
735 2684 892 2769 ἀνθρώπου
915 2684 1032 2768 φύσεως
1054 2682 1107 2746 οὐκ
1131 2680 1164 2744 ἂν
1186 2683 1281 2766 εὕροις
1303 2681 1364 2746 οὐδ’
1385 2682 1434 2765 ὑφ’

188 2806 252 2874 ἐνὸς
273 2805 435 2890 εἰρημένον,
458 2804 530 2888 αἷμα
553 2804 585 2866 δὲ
607 2805 655 2868 καί
678 2809 735 2867 τῶν
757 2801 826 2886 μεθ’
842 2801 1039 2887 Ἱπποκράτην
1061 2804 1208 2887 φαίνονται
1230 2803 1332 2866 πολλοὶ
1348 2802 1434 2885 μόνον

188 2922 259 2987 εἰναι
285 2925 448 3007 νομίζοντες
473 2923 504 2985 ἐν
531 2925 614 3007 ἡμῖν,
640 2924 717 2986 ὥστε
743 2925 791 2986 καὶ
818 2925 870 3005 τὴν
898 2926 1015 3007 πρώτην
1040 2923 1149 3005 γένεσιν
1177 2926 1263 3007 ἡμῶν
1290 2923 1321 2993 ἐξ
1347 2921 1435 2985 αὐτοῦ

188 3044 348 3126 γίγνεσθαι,
378 3045 426 3106 καὶ
448 3044 499 3125 τὴν
523 3044 595 3126 μετὰ
617 3048 707 3106 ταῦτα
729 3043 803 3106 κατὰ
825 3044 877 3127 τὴν
901 3044 1012 3128 μήτραν
1035 3041 1151 3125 αὕίησιν
1182 3044 1231 3105 καί
1254 3040 1435 3125 άποκυηθέν-

189 3186 245 3225 των
267 3164 424 3227 τελείωσιν.

608 3335 648 3399 ΙΙ.
694 3333 743 3417 [R.
761 3335 823 3399 336
835 3334 870 3398 Β.
894 3335 957 3398 374
969 3334 1016 3418 L.]

274 3493 429 3557 Lfflnwws
455 3493 617 3556 DIOGENES
640 3490 737 3553 V61:
771 3489 903 3573 γεγόνασι
936 3493 969 3553 δέ
997 3492 1163 3575 Στράτωνες
1197 3490 1289 3552 ὀκτώ·
1321 3495 1435 3573 πρῶτος

188 3610 365 3696 Ἰσοκράτους
386 3612 544 3695 ἀκροατής·
573 3610 706 3694 δεύτερος
726 3608 813 3678 αὐτὸς
835 3610 918 3680 οὗτος
941 3609 1182 3696 [philosophus]·
1214 3611 1305 3694 τρίτος
1328 3611 1433 3695 ἰατρός,

191 3732 326 3816 μαθητὴς
345 3727 579 3814 Ἐρασιστράτου,
603 3733 643 3798 ὡς
665 3730 697 3793 δέ
712 3754 796 3803 τινες,
817 3729 966 3814 τρόφιμος,
982 3778 990 3793 .
1004 3778 1033 3794 ..
1049 3731 1172 3816 ἕβδομος
1194 3731 1291 3815 ἰατρὸς
1312 3730 1434 3814 ἀρχαῖος

190 3853 229 3919 ὡς
247 3848 494 3935 Ἀριστοτέλης
515 3850 611 3935 φησίν.

598 4045 1021 4130 ιμωωπωω

274 4203 480 4270 PLUTARCHUS
501 4205 623 4281 Quaffit.
644 4205 765 4268 conviv.
782 4203 857 4267 VIII
877 4208 906 4284 9,
920 4205 953 4269 3:
980 4206 1028 4266 καί
1051 4203 1108 4287 μὴν
1131 4201 1161 4266 έν
1179 4227 1212 4285 γε
1234 4207 1293 4273 τοῖς
1315 4200 1346 4267 Μ
1352 4228 1433 4267 ενω·

189 4324 292 4393 νείοις
318 4328 439 4409 σημεῖον
466 4325 609 4408 ἡπατικοῦ
639 4324 750 4390 πάθους
778 4322 988 4406 ἀναγέγραπται
1015 4324 1047 4385 τί»
1073 4324 1138 4391 τοὺς
1166 4324 1352 4391 κατοικιδίους
1379 4328 1433 4406 μῦς

190 4443 334 4526 ἐπιμελῶς
355 4444 584 4529 παραφυλάττειν
606 4443 655 4505 καὶ
677 4444 799 4505 διώκειν.

139 4582 225 4591 -ι-

218 4688 258 4740 Fr.
277 4687 287 4739 1
306 4687 321 4739 7
345 4685 525 4758 Ἀριστοτέλους
544 4685 657 4739 Cobetus
777 4686 807 4737 12
827 4703 860 4738 ου
879 4685 928 4758 οἰιχ
947 4684 1123 4755 τὺρηθέντωνῖ

218 4775 258 4827 ἰίτ.
276 4776 299 4828 11
336 4774 369 4827 τί.
388 4776 420 4829 Μ.
441 4775 590 4828 Wellmann
608 4775 696 4825 Jahrb.
709 4776 735 4839 s.
755 4776 784 4825 cl.
805 4774 975 4826 1’Ii101.189·3
994 4774 1109 4839 (CXLV)
1123 4773 1173 4824 675

219 4862 259 4915 Fr.
274 4862 308 4916 Ιίἰ
344 4862 488 4931 μιλωνιίοις
507 4863 601 4916 codex:
620 4878 683 4914 corr.
704 4861 722 4913 1.
742 4863 773 4913 Α.
793 4862 926 4914 Fabricius
