3510 5610
205 318 247 384 36
334 315 560 370 ARISTOTELIS
581 315 644 370 Rus
663 316 812 370 PUBLIGA
832 316 1094 371 sussuluusluu
1111 317 1219 372 XXXII
1231 317 1413 374 3—XXXIV
1427 320 1453 385 l]

258 488 387 573 πόλεμον
402 489 445 576 ἐφ’
465 491 508 560 οίς
530 491 662 574 ἑκάτεροι
677 493 866 574 τυγχάνουσιν
882 489 1010 576 ἔχοντες.
1034 490 1091 577 οὐχ
1107 492 1313 558 ὑπακουόντων
1330 492 1354 557 δ’
1371 492 1491 556 ἐκείνων
1505 517 1530 569 p.
1544 503 1576 554 14

258 594 284 658 εἰ
308 595 349 678 μὴ
372 595 420 658 καί
443 594 496 678 τὴν
519 595 615 678 ἀρχὴν
638 598 689 677 τῆς
713 596 860 678 θαλάττης
883 595 1056 679 ἀφήσουσιν,
1081 596 1174 665 ούτως
1197 597 1376 680 ἀπέστησαν.

343 698 489 762 ΧΧΧΙΙΙ.
512 703 605 782 μῆνας
632 699 684 780 μὲν
712 696 761 761 οὖν
786 697 857 768 ίσως
879 699 1015 783 τέτταρας
1038 699 1177 783 διέμεινεν
1199 702 1218 784 ἡ
1242 706 1300 764 τῶν
1322 701 1516 784 τετρακοσίων
1564 709 1575 766 l

257 803 397 877 πολιτεία,
420 802 467 865 καὶ
490 800 510 886 ἧ
513 801 628 886 ρξενέ
615 831 628 872 τ
650 802 747 865 αἰετῶν
764 800 954 889 Μνασθιοχος
973 804 1092 887 δίμηνον
1108 803 1156 867 ἐπὶ
1173 804 1388 886 Θεοπόμπου
1366 828 1520 890 αρχοντες,

222 903 315 991 5<δς>
342 904 412 991 ἦρξε
439 928 506 974 τους
533 905 702 974 ἐπιλοίπους
730 904 800 969 δέκα
824 929 926 991 μηνας.
973 906 1147 989 ἡττηθέντες
1170 908 1261 990 δέτη
1225 932 1351 993 τηπεμι
1363 906 1519 992 Ἐρέτριαν

256 1009 407 1094 ναυμαχία
421 1009 518 1071 καί
484 1031 537 1091 της
554 1005 712 1090 Εὐβοίας
695 1009 865 1092 αποστοίσης
881 1007 951 1091 όλης
969 1006 1059 1092 πλὴν’
1068 1008 1092 1072 Ω
1095 1013 1173 1093 ρεού,
1196 1013 1336 1095 χαλεπῶς
1353 1010 1520 1091 ἐνεγκόντες

256 1114 304 1176 ἐπὶ
327 1137 364 1197 τη
390 1117 525 1196 συμφορᾷ
550 1114 676 1193 μάλιστα
698 1118 755 1175 τῶν
779 1113 1036 1197 προγεγενημένων
1059 1114 1165 1194 (πλείω
1187 1112 1296 1197 γὰρζέκ
1311 1112 1519 1200 τῆςἘυβυίας

255 1216 275 1300 ἢ
306 1220 358 1300 τῆς
370 1214 507 1300 Ἀττικῆς
534 1215 693 1299 ἐτύγχανον
721 1215 936 1300 ὠφελούμενοι)
965 1215 1126 1280 κατέλυσαν
1154 1217 1220 1285 τοὺς
1243 1218 1447 1302 τετρακοσίους
1470 1221 1520 1282 καὶ

255 1319 291 1383 τὰ
317 1320 474 1402 πράγματα
500 1319 673 1403 παρέδωκαν
701 1325 761 1388 τοῖς
787 1319 1032 1405 πεντακισχιλίοις
1060 1325 1120 1389 τοῖς
1148 1319 1182 1382 ἐκ
1207 1324 1265 1383 τῶν
1289 1319 1398 1396 όπλων,
1432 1328 1519 1406 ψηφι-

204 1443 236 1490 10
255 1423 374 1501 σάμενυι
402 1422 546 1507 μηδεμίαν
573 1422 670 1507 ἀρχὴν
697 1421 771 1486 εἷναι
793 1423 983 1507 μισθοφόρον.
1072 1424 1236 1487 αἰτιώτατοι
1261 1421 1286 1487 δ’
1312 1425 1443 1506 ἐγένοντο
1467 1431 1521 1509 τῆς
1558 1435 1574 1488 2

255 1527 443 1596 καταλύσεως
455 1525 683 1612 Ἀριστοκράτης
706 1529 754 1591 καὶ
777 1525 962 1612 Θηραμένης,
985 1525 1019 1590 ού
1043 1527 1288 1611 συναρεσκόμενοι
1310 1535 1370 1598 τοῖς
1385 1530 1442 1594 ύπδ
1458 1534 1518 1592 τῶν

254 1630 447 1715 τετρακοσίων
475 1629 665 1713 γιγνομένοις·
699 1630 813 1693 ἅπαντα
840 1629 895 1714 γὰρ
922 1629 963 1692 δι’
985 1630 1082 1692 αὑτῶν
1110 1628 1261 1714 ἔπραττον,
1296 1631 1380 1696 οὐδὲν
1409 1634 1517 1698 ἐπανα·

252 1734 388 1821 φέροντες
403 1739 464 1805 τοῖς
479 1735 731 1818 πεντακισχιλίοις.
765 1737 883 1798 δοκοῦσι
904 1734 937 1798 δέ
953 1736 1050 1803 καλῶς
1071 1737 1279 1819 πολιτευθῆναι
1301 1737 1375 1800 κατὰ
1396 1737 1518 1805 τούτους

253 1838 321 1908 τοὺς
355 1837 482 1923 καιρούς,
520 1837 650 1920 πολέμου
686 1861 719 1900 τε
756 1837 943 1906 καθεστῶτος
978 1838 1027 1900 καί
1061 1837 1094 1901 ἐκ
1127 1843 1186 1901 τῶν
1220 1838 1318 1903 ὅπλων
1352 1844 1405 1925 τῆς
1437 1844 1517 1903 πολι-

203 1961 234 2011 15
254 1942 331 2011 τείας
353 1939 453 2027 οὔσης.

339 2045 483 2110 XXXIV.
507 2045 625 2114 τούτους
649 2044 701 2125 μὲν
725 2042 774 2108 σύν
798 2044 934 2128 ἀφείλετο
957 2045 1009 2127 τὴν
1025 2044 1169 2108 πολιτείαν
1186 2046 1201 2107 ύ
1218 2048 1312 2130 δῆμος
1328 2047 1375 2110 διὰ
1391 2047 1515 2132 τοίχους·
1560 2055 1571 2112 l

252 2146 311 2213 ἔτει
337 2142 365 2214 δ’
394 2148 513 2234 ἑβδόμῳ
541 2147 615 2231 μετὰ
641 2148 693 2230 τὴν
720 2152 779 2209 τῶν
807 2147 1000 2232 τετρακοσίων
1028 2149 1195 2225 κατάλυσιν,
1229 2148 1277 2212 ἐπὶ
1303 2146 1435 2214 Καλλίου
1464 2157 1517 2216 τοῦ

250 2253 430 2338 Ἀγγελῆθεν
443 2252 595 2337 ἄρχοντος,
618 2250 776 2334 γενομένης
798 2256 850 2336 τῆς
866 2251 896 2314 ἐν
906 2249 1124 2337 Ἀργινούσσαις
1139 2253 1313 2338 ναυμαχίας,
1329 2259 1444 2337 πρῶτον
1462 2256 1516 2338 μὲν

252 2358 320 2427 τούς
353 2356 424 2422 δέκα
452 2354 630 2441 στρατηγοὺς
657 2355 724 2423 τοὺς
751 2359 789 2438 τῇ
817 2355 967 2440 ναυμαχίη
993 2361 1132 2424 νικῶντας
1160 2356 1268 2443 συνέβη
1296 2358 1433 2442 κριθῆναι
1461 2364 1517 2444 μιᾷ

199 2482 232 2530 κο
250 2462 416 2549 χειροτονία
439 2462 558 2539 πάντας,
581 2460 648 2529 τοὺς
672 2460 723 2540 μέν
747 2458 815 2522 υἰιδὲ
831 2462 1140 2545 συνναυμαχήσαντας,
1163 2461 1231 2531 τοὺς
1246 2461 1272 2524 δ’
1293 2461 1340 2526 ἐπ’
1361 2462 1516 2547 ἀλλοτρίας

251 2568 325 2635 νεὼς
347 2565 506 2646 σωθέντας,
531 2563 762 2649 ἐξαπατηθέντος
785 2568 835 2627 τοῦ
859 2563 955 2646 δήμου
979 2566 1027 2627 διὰ
1051 2565 1117 2632 τοὺς
1139 2567 1379 2651 παρυργίσαντας·
1413 2565 1516 2632 ἔπειτα

251 2670 436 2757 βουλομένων
460 2669 696 2753 Λακεδαιμονίων
724 2669 758 2732 ἐκ
780 2669 935 2736 Δεκελείας
963 2669 1078 2732 ἀπιέναι
1099 2671 1147 2732 καὶ
1170 2667 1213 2752 ἐφ’
1241 2669 1284 2739 οίς
1307 2669 1424 2755 ἔχουσιν
1448 2672 1516 2735 έκοί-

252 2799 330 2859 τεροι
351 2776 469 2860 εἰρήνην
492 2774 571 2857 ἄγειν
593 2772 663 2837 ἔνιοι
686 2773 739 2856 μὲν
763 2772 953 2852 ἐσπούδαζον,
978 2774 1010 2835 τὸ
1031 2774 1064 2837 δὲ
1080 2772 1196 2856 πλῆθος
1215 2772 1219 2856 Ι
1240 2773 1297 2859 οόχ
1313 2775 1477 2860 ὑπήκουσεν
1495 2802 1521 2855 p.
1538 2786 1571 2839 15

199 2981 273 3055 ΙτΙη
292 2983 346 3050 (uel
365 2982 399 3047 ισ)
421 2999 540 3054 χανυυσιν
563 2983 609 3050 Ι“,
635 3000 666 3051 υγ
688 2982 741 3034 fine
765 2982 861 3049 prioris
887 2997 979 3034 versus
998 2997 1048 3033 scr.
1068 2978 1109 3044 L⁴,
1138 2985 1164 3033 at
1186 2999 1202 3050 η
1223 2980 1327 3047 delevit,
1352 2982 1390 3036 ita
1413 2990 1444 3037 ut
1463 2994 1573 3042 mancat

195 3070 369 3146 τυγίχανουσιν
512 3090 561 3126 ουκ
580 3072 600 3124 L
742 3072 758 3122 4
777 3069 876 3123 πολιτια
895 3069 916 3122 L
1058 3086 1216 3142 μνααιμαχυς
1235 3069 1280 3123 L*.
1300 3086 1367 3124 corr.
1386 3070 1419 3123 ΙΙ

197 3159 251 3214 5.6
270 3180 302 3230 τη
389 3180 516 3234 ναυμαχια
534 3160 580 3227 L‘,
599 3177 608 3212 ι
627 3159 667 3212 bis
686 3159 747 3211 add.
767 3156 800 3211 L‘
942 3158 957 3211 6
977 3176 1041 3228 πρην
1061 3158 1107 3226 Ι*,
1125 3174 1191 3211 corr.
1210 3157 1244 3211 Ι*
1385 3162 1497 3232 ωριουΙ

196 3249 339 3309 ένενκσντετ
361 3250 406 3316 Ι*,
430 3265 495 3305 corr.
515 3248 548 3303 Ιι
690 3248 705 3299 I
729 3266 761 3319 τη
784 3262 901 3319 συμφορα
925 3246 971 3312 Ι*,
997 3266 1005 3299 ι
1028 3247 1089 3300 aud.
1108 3247 1141 3300 L⁴
1288 3248 1503 3321 9παρεδτδωκαν
1523 3252 1570 3318 Ι*,

95 3336 99 3345 “
195 3354 262 3392 corr.
280 3338 311 3392 L?
464 3338 497 3392 10
514 3353 573 3407 μιστ
593 3335 636 3404 (οδ
655 3352 785 3405 suprascr.
805 3336 866 3403 L22)
886 3353 988 3407 οφορων
1007 3335 1040 3399 Ι,
1061 3334 1215 3407 μισθοφόρον
1234 3338 1259 3390 J.
1273 3336 1303 3389 B.
1316 3339 1415 3407 unyor,
1434 3340 1469 3392 aI.

196 3428 230 3480 12
248 3431 409 3498 τετρακοσιος
427 3427 473 3494 Ι.*,
493 3443 558 3480 corr.
577 3423 611 3477 Ι4
752 3442 893 3494 γενομενοις
912 3424 957 3490 L*,
976 3443 1048 3494 γει-
1067 3424 1101 3477 Ιἰ
1246 3427 1278 3478 14
1297 3424 1324 3478 δι
1343 3443 1504 3487 κατεστωτος
1523 3431 1570 3498 L',

195 3532 261 3569 corr.
279 3513 313 3568 Ι4
422 3517 462 3568 14.
484 3515 515 3568 15
534 3513 647 3572 πολιτιας
666 3514 686 3566 Ι
796 3514 827 3566 16
848 3515 913 3578 οίυν)
933 3529 983 3566 om.
1003 3514 1048 3578 Lu,
1068 3530 1200 3581 suprascr.
1220 3513 1252 3566 L*
1358 3514 1473 3569 πολιτιαν
1493 3518 1514 3571 Ι

195 3603 308 3674 οδημος
327 3621 377 3658 om.
397 3605 443 3672 L‘,
461 3620 592 3672 suprascr.
612 3601 645 3655 Ι*
790 3602 820 3655 ΙΙ
840 3621 876 3655 ετι
896 3603 915 3655 Ι
1057 3602 1169 3673 έβδύμιμ]
1190 3604 1227 3656 ita
1245 3603 1274 3668 L,
1294 3603 1342 3657 sed
1360 3611 1479 3672 praestat
1497 3607 1568 3678 έκτιμ

195 3692 284 3764 Iugero
410 3711 440 3761 με
459 3692 505 3758 Ι*,
530 3710 562 3744 τα
581 3707 712 3761 suprascr.
732 3690 766 3743 Ι(
910 3691 941 3744 18
965 3689 1103 3761 ανγεληθεν
1122 3691 1165 3757 L*,
1189 3711 1246 3762 αγγ-
1270 3692 1302 3745 L⁴
1421 3712 1572 3764 αργινουσας

193 3781 237 3848 L‘,
257 3797 367 3840 ουσσαις
386 3778 419 3832 L‘
528 3783 559 3835 19
573 3785 633 3849 post
651 3798 777 3839 νικωντας
796 3780 837 3848 (ας
855 3796 933 3834 rescr.
947 3776 989 3842 LI)
1008 3797 1068 3837 τους
1087 3778 1141 3831 δολι
1154 3779 1199 3844 L*,
1219 3780 1264 3833 scd
1285 3796 1342 3834 corr
1359 3783 1429 3835 inter
1447 3785 1569 3837 scriben-

194 3870 257 3923 dum
278 3869 310 3922 L²
453 3870 487 3923 20
504 3870 632 3941 χιρονονια
651 3869 697 3936 Ι“,
717 3887 781 3922 corr.
800 3869 833 3922 Ι4
976 3868 1006 3920 θΙ
1034 3887 1088 3926 νεος
1108 3869 1153 3935 L*‚
1176 3885 1240 3922 corr.
1265 3868 1298 3922 L⁴
1440 3871 1569 3944 εξαπατη·

192 3957 279 4017 θέντες
296 3958 317 4011 Ι
443 3978 516 4012 επιτα
535 3959 555 4012 Ι
699 3958 731 4010 22
751 3977 845 4012 assessu
864 3959 892 4023 Ι,
916 3976 963 4011 απ·
981 3958 1063 4011 schol.
1083 3958 1164 4012 Arist.
1184 3959 1250 4010 Rau.
1273 3957 1339 4011 1532
1469 3956 1509 4030 ἐφ’
1531 3962 1568 4021 οἶς

192 4048 231 4119 έχ.
251 4048 290 4101 έκ.
308 4049 352 4102 καί
369 4048 414 4121 εἰρ.
434 4048 501 4117 ἄγειν
521 4049 601 4116 K·W,
620 4049 651 4102 Bl
672 4065 685 4102 c
705 4049 788 4102 schol.
806 4051 841 4113 (ν.
861 4050 969 4112 testim.)
1112 4046 1146 4100 23
1166 4064 1252 4118 ιρηνην
1271 4064 1385 4119 εκατεροι
1403 4048 1424 4100 L

192 4156 246 4209 αγιν
265 4137 311 4205 L‘,
332 4155 344 4190 ε
363 4153 497 4207 suprascr.
517 4135 550 4189 Ι*

280 4350 296 4402 3
316 4349 443 4417 Harpocr.
456 4366 477 4402 s.
492 4366 515 4401 ν.
534 4347 704 4418 τετρακόσιοιι
726 4387 767 4401 ...
782 4347 806 4401 cI
824 4346 982 4419 τετρακόσιοι
996 4347 1044 4417 πρὸ
1058 4347 1121 4400 ἑπτὰ
1135 4348 1200 4400 ἐτῶν
1213 4346 1368 4416 κατέστησαν
1381 4330 1462 4400 τῶνλ
1474 4351 1566 4420 τυρόν-

191 4457 242 4492 νων
265 4432 327 4501 παρ’
344 4433 499 4508 Ἀθηναίοις,
524 4437 612 4496 οΙτιντς
635 4437 754 4509 τέτταρας
777 4441 858 4507 μῆνας
881 4436 959 4506 ἧρξαν
986 4442 1033 4506 τῆς
1056 4437 1162 4503 πόλεως,
1188 4435 1224 4494 ῶς
1250 4453 1323 4507 φησιν
1337 4432 1519 4510 Ἀριστοτέλης
1539 4438 1565 4491 έν

188 4521 337 4598 Ἀθηναίων
356 4526 469 4592 πολιτείᾳ
488 4527 640 4594 (Epitomsu
659 4543 742 4579 exscr.
756 4525 832 4578 Phot.
846 4525 940 4589 Suid.).

279 4616 312 4670 22
341 4616 428 4669 Schol.
445 4617 490 4668 Ar.
510 4616 575 4668 Rau.
595 4613 662 4667 1532
687 4615 730 4682 (V,
751 4615 827 4678 dett.)
856 4610 984 4683 Κλεοφῶν
1003 4613 1029 4666 δὲ
1049 4613 1184 4684 μαχέσθω]
1205 4613 1314 4686 παρόσον
1334 4614 1369 4671 ῶς
1382 4609 1564 4686 Ἀριστοτέλης

190 4705 257 4776 φησί,
275 4705 339 4773 μετὰ
357 4706 404 4774 τὴν
422 4704 449 4756 έν
459 4700 632 4774 Ἀργινούσαις
646 4703 788 4773 ναυμαχίαν
801 4701 1008 4770 Λακεδαιμονίων
1023 4701 1184 4772 βουλομένων
1203 4702 1232 4754 ἐκ
1250 4700 1381 4760 Δεκελείας
1400 4703 1499 4756 ἀπιέναι
1517 4699 1560 4774 ἐφ’

189 4792 225 4851 σίς
243 4793 343 4866 ἔχουσιν
363 4794 452 4863 ἑκότερ
455 4812 479 4846 οι
498 4793 541 4844 καί
560 4791 698 4861 εἰρήνην
682 4809 749 4861 αγειν
769 4792 809 4844 ἰπί
827 4810 871 4844 του
892 4787 1014 4857 Καλλίου,
1034 4788 1160 4861 Ικλεοφῶν
1180 4791 1304 4846 έπεισε
1280 4811 1322 4844 τον
1341 4791 1463 4861 δημον
1436 4812 1471 4863 μη
1485 4808 1562 4863 προσ-

188 4881 313 4949 δέξασθαι,
332 4881 415 4937 usus
435 4882 511 4940 είς
487 4901 535 4952 την
548 4878 684 4949 έκκλησίαν
704 4878 807 4948 μεθύων
826 4880 871 4933 καί
889 4878 998 4951 θώρακα
1010 4879 1078 4933 ἰνδεδ
1081 4879 1159 4946 υκῶς,
1179 4879 1208 4932 ού
1227 4882 1334 5005 φάσκων
1349 4880 1498 4952 ἐπιτρέψειν,
1517 4882 1561 4935 ἰὰν

188 4970 224 5039 μὴ
242 4972 323 5030 παίσας
341 4971 426 5043 ἀφῶσι
443 4972 489 5030 τδς
506 4970 589 5028 πόλεις
608 4969 633 5024 οἰ
645 4967 848 5039 Λακεδαιμόνιοι.
