3510 5610
188 306 231 370 84
498 304 709 358 FRAGMENTA
731 305 950 358 DEPERDITAE
970 305 1092 358 PARTIS
1111 305 1243 358 PRIMAE

242 481 447 564 δημοκρατίαν,
472 479 547 542 ἀλλὰ
569 485 683 562 πρῶτος
707 481 864 563 ἀποκρίνας
887 481 979 565 χωρὶς
1001 479 1173 564 εὐπατρίδας
1195 481 1243 543 καὶ
1264 478 1432 563 γεωμόρους
1456 481 1506 543 καὶ

244 585 448 668 δημιουργούς,
481 583 664 667 εὐπατρίδαις
691 584 723 647 δὲ
750 581 809 668 pb>
835 587 984 666 γινώσκειν
1012 584 1048 646 τὰ
1074 584 1141 648 θεία
1169 585 1217 647 καὶ
1244 582 1383 667 παρέχειν
1409 581 1505 667 (zoin)

244 685 387 771 ἄρχοντας
410 688 537 756 άτοδούς
560 689 607 751 καλ
630 687 727 769 νόμων
751 689 941 756 διδασκάλους
967 687 1040 751 εἶναι
1066 690 1115 751 καὶ
1143 689 1230 750 όσίων
1258 690 1306 751 καὶ
1332 689 1419 771 ἱερῶν
1443 686 1507 771 ἐξῃ

242 793 343 874 γητάς,
366 795 426 860 τοῖς
447 791 546 860 ἄλλοις
568 794 697 861 πολίταις
719 792 817 875 ὥσπερ
840 793 882 861 εἰς
897 790 958 855 ἴσον
974 791 1145 876 κατέστησε,
1168 791 1238 874 δόξῃ
1256 792 1308 874 μὲν
1323 790 1506 874 εὐπατριδῶν

210 895 331 979 σχρείηι
358 896 390 958 δὲ
415 894 575 979 γεωμόρων
602 897 709 979 πλήθει
736 897 768 959 δὲ
795 898 978 981 δημιουργῶν
1006 895 1159 981 ὑπερέχειν
1187 896 1359 959 δοκούντων.
1403 894 1450 958 ότι
1473 896 1507 958 δὲ

244 1005 358 1082 πρῶτος
385 999 521 1062 ἀπέκλινε
548 991 619 1083 πρὸς
646 1001 695 1062 τὸν
723 999 822 1083 ὄχλον,
856 1003 897 1069 ῶς
920 999 1130 1085 Ἀριστοτέλης
1156 999 1239 1084 φησί,
1272 1000 1319 1063 καὶ
1347 998 1445 1082 ἀφῆκε
1471 999 1506 1059 τδ

247 1107 414 1186 μοναρχεῖν,
441 1099 518 1165 ἔοικε
547 1107 702 1187 μαρτυρεῖν
730 1106 777 1166 καὶ
793 1100 931 1188 ἴΌμηρος
958 1105 988 1167 ἐν
1012 1109 1085 1167 νεῶν
1109 1102 1263 1187 καταλόγῳ
1288 1103 1395 1186 μόνους
1414 1101 1508 1186 Ἀθη-

245 1208 342 1276 ναίους
364 1209 457 1290 δῆμον
480 1207 723 1290 προσαγορεύσας.

863 1451 892 1515 3.

196 1609 227 1656 10
331 1587 434 1652 Schol.
458 1587 492 1650 in
514 1586 594 1649 Plat.
620 1587 750 1651 Axioch.
768 1588 873 1651 3711)
902 1609 931 1672 p.
948 1588 1011 1651 465
1033 1589 1086 1669 (cf.
1111 1586 1223 1651 Moeris
1247 1595 1303 1652 att.
1328 1610 1357 1673 p.
1375 1588 1509 1672 193‚16)

245 1717 269 1757 s.
287 1715 316 1757 v.
339 1691 477 1774 γεννήτης
499 1689 708 1775 Ἀριστοτέλης
731 1693 803 1775 φησὶ
826 1695 876 1754 τοῦ
899 1691 968 1754 όλου
992 1691 1124 1773 πλήθους
1146 1691 1324 1776 διῃρημένου
1338 1691 1509 1777 Ἀθήνησιν

246 1797 288 1865 είς
303 1820 334 1858 τε
349 1795 417 1864 τούς
431 1795 577 1876 γεωργοὺς
599 1797 646 1858 καί
666 1796 732 1863 τούς
752 1795 945 1880 δημιουργοὺς
960 1795 1054 1880 φυλάς
1070 1791 1166 1858 αὐτῶν
1183 1795 1257 1858 εἶναι
1273 1793 1425 1878 τέσσαρας,
1447 1802 1508 1860 τῶν

247 1903 279 1964 δὲ
302 1903 402 1984 φυλῶν
426 1899 550 1981 ἑκάστης
574 1900 676 1983 μοίρας
697 1898 771 1962 εἶναι
794 1904 880 1983 τρεῖς,
903 1900 937 1967 ἃς
960 1900 1088 1983 τριττόας
1111 1924 1142 1962 τε
1157 1903 1276 1963 καλοῦσι
1293 1901 1340 1962 καὶ
1356 1901 1508 1984 φρατρίας,

247 2005 370 2086 ἑκάστης
394 2004 426 2065 δὲ
448 2002 557 2064 τούτων
580 2006 731 2086 τριάκοντα
753 2001 825 2066 εἶναι
848 2003 927 2087 γένη,
951 2005 983 2066 τδ
1006 2005 1038 2066 δὲ
1060 2001 1142 2084 γένος
1165 2004 1198 2066 ἐκ
1217 2005 1369 2087 τριάκοντα
1385 2003 1509 2066 ἑκαστον

198 2130 226 2176 15
246 2110 360 2191 ἀνδρῶν
395 2108 572 2170 συνεστάναι.
618 2107 735 2174 τοότους
762 2108 799 2190 δή
830 2108 897 2176 τούς
924 2108 964 2176 εἰς
992 2107 1027 2169 τδι
1055 2107 1124 2190 γένη
1152 2107 1343 2191 τεταγμένους
1370 2110 1510 2192 γεννήτας

248 2215 376 2276 καλοῦσι.

334 2314 408 2378 Lex.
432 2312 591 2377 Demosth.
616 2313 717 2378 Patm.
742 2335 770 2397 p.
791 2314 851 2378 152
879 2313 927 2378 ed.
950 2312 1120 2378 Sakkeliou
1143 2337 1167 2377 ε.
1190 2335 1218 2378 ν.
1243 2319 1388 2398 γεννῆταιε
1419 2319 1512 2379 πάλαι

249 2421 282 2482 τδ
310 2423 367 2481 τῶν
393 2416 566 2500 Ἀθηναίων
594 2418 717 2501 πλῆθος,
745 2418 810 2502 πρίν
836 2418 855 2501 ῆ
879 2415 1044 2501 Κλεισθένη
1072 2420 1278 2503 διοικήσασθαι
1305 2419 1340 2481 τά
1366 2420 1431 2501 περὶ
1458 2419 1514 2487 τδις

248 2525 351 2608 φυλάς,
375 2525 503 2605 διῃρεῐτο
525 2522 566 2589 εἰς
587 2522 735 2604 γειομγούς
756 2523 804 2585 καὶ
827 2521 1028 2606 δημιουργούς.
1070 2524 1118 2586 καὶ
1140 2526 1229 2606 φυλαὶ
1251 2523 1361 2587 τοότιινν
1383 2522 1459 2608 ῆσαν
1484 2508 1511 2601 δ,

197 2649 230 2695 20
248 2634 305 2689 τῶν
329 2627 361 2688 δὲ
384 2631 483 2708 φυλῶν
512 2626 620 2708 ἑκάστη
649 2626 750 2709 μοίρας
776 2625 841 2710 εἶχε
867 2639 894 2708 γ,
928 2625 963 2693 ἃς
991 2626 1111 2709 φατρίας
1139 2626 1186 2689 καὶ
1215 2627 1346 2708 τριττόας
1373 2626 1511 2690 ἐκάλουν.

248 2732 357 2795 τούτων
381 2729 406 2794 δ’
428 2731 537 2812 ἑκάστη
561 2730 739 2811 συνειστήκει
761 2729 794 2792 ἐκ
817 2732 968 2814 τριάκοντα
982 2736 1083 2811 γενῶν,
1107 2731 1154 2793 καὶ
1169 2730 1250 2812 γένος
1266 2731 1388 2794 ἕκαστον
1404 2729 1513 2814 ἄνδρας

249 2836 313 2920 εἷχε
335 2835 488 2918 τριάκοντα
515 2833 582 2901 τούς
609 2833 650 2902 εἰς
677 2834 712 2896 τδι
735 2833 803 2916 γένη
831 2833 1030 2916 τεταγμένους,
1058 2834 1160 2903 οἵτινες
1186 2840 1320 2919 γεννῆται
1343 2835 1512 2908 ἐκαλοῦντο,

250 2938 306 3023 <ἐΕ>
330 2940 369 3000 ῶν
393 2940 423 3000 αἱ
445 2937 600 3021 ίεριοσόναι
626 2936 683 3021 <αί>
710 2938 842 3004 ἑκάστοις
869 2936 1067 3019 προσήκουσαι
1094 2938 1280 3021 ἐκληροῦντο,
1306 2938 1367 3000 οἷον
1395 2935 1513 3021 Εὐμολ·

251 3043 331 3106 πίδαι
352 3043 400 3104 καί
416 3039 551 3124 Κήρυκες
573 3041 620 3103 καί
637 3038 871 3124 Ἐτεοβουτάδαι,
895 3044 935 3108 ῶς
957 3042 1066 3123 ἱστορεῖ
1087 3041 1117 3103 ἐν
1140 3047 1177 3124 τῆ
1191 3040 1365 3126 Ἀθηναίων
1380 3041 1513 3125 πολιτεία

198 3168 231 3216 ‘25
248 3146 312 3226 ’A.‚
335 3147 426 3228 λέγων
450 3145 556 3210 οὕτως·
580 3146 674 3228 φυλάς
697 3145 730 3206 δέ
751 3142 848 3205 αὐτῶν
873 3129 1142 3228 σοννενεμῆσθαι-δ,
1165 3144 1436 3229 άπομιμησαμένων
1461 3145 1514 3213 τὰς

252 3252 282 3313 ἐν
305 3255 365 3316 τοῖς
387 3249 526 3315 ἐνιαυτοῖς
549 3248 637 3330 ὥρας,
665 3247 790 3330 ἑκάστην
817 3247 850 3308 δέ
876 3246 1036 3329 διῃρῆσθαι
1064 3249 1104 3315 είς
1132 3249 1194 3331 τρία
1218 3249 1292 3333 μέρη
1316 3254 1373 3312 τῶν
1397 3250 1511 3330 φυλῶν,

252 3351 332 3420 ὅπως
354 3350 471 3434 γένηται
494 3351 529 3412 τὰ
552 3353 644 3412 πάντα
667 3352 782 3412 δώδεκα
806 3350 891 3432 μέρη,
915 3332 1098 3432 καθάπεροί
1123 3356 1212 3434 μῆνες
1235 3353 1276 3421 εἰς
1297 3353 1346 3415 τόν
1370 3351 1512 3430 ἐνιαυτόν,

250 3457 405 3519 καλεῖσθαι
428 3456 460 3517 δὲ
482 3453 555 3517 αὐτὰ
578 3457 689 3536 τριττῦς
712 3454 760 3514 καὶ
781 3453 916 3536 φατρίας·
941 3453 982 3521 εἰς
1004 3454 1036 3515 δὲ
1059 3455 1111 3536 τῆν
1134 3455 1254 3537 φατρίαν
1270 3456 1423 3538 τριάκοντα
1441 3455 1512 3540 γένη

253 3558 512 3641 διακεκοσμῆσθαι,
537 3558 670 3640 καθάπερ
695 3558 724 3618 αἱ
747 3555 854 3639 ἡμέραι
877 3557 917 3624 εἰς
940 3557 987 3618 τύν
1012 3561 1099 3640 μῆνα,
1126 3559 1158 3619 τδ
1183 3561 1214 3620 δὲ
1236 3558 1317 3640 γένος
1340 3559 1413 3621 εἶναι
1436 3561 1513 3644 τριά-

198 3685 232 3732 30
250 3687 337 3727 κοντα
361 3664 483 3746 ἀνδρῶν,
528 3659 642 3725 Eadem
667 3660 807 3724 doctrina
829 3681 867 3723 ex
891 3659 996 3723 eodem
1022 3660 1129 3724 lexico.
1154 3661 1225 3726 Lex.
1243 3662 1337 3726 Bekk.
1362 3664 1511 3746 quintum

252 3767 347 3847 *2229
374 3768 486 3846 (exscr.
511 3765 557 3827 Et.
580 3764 620 3827 M.
640 3762 773 3846 2·26‚13)
799 3768 931 3846 γεννῆται
958 3765 1030 3832 τίνες
1062 3764 1146 3828 εἰσίν;
1181 3765 1261 3846 γένος
1294 3765 1408 3848 (γένους
1433 3766 1512 3841 cod.‚

254 3893 330 3935 corr.
354 3868 471 3951 Βαλίε.)
494 3867 556 3928 ἐστὶ
579 3867 715 3950 σόστημα
732 3866 765 3929 ἐκ
780 3868 931 3949 τριάκοντα
949 3866 1062 3948 ἀνδρῶν
1078 3867 1222 3942 συνεστός,
1246 3867 1280 3932 οὐ
1296 3871 1323 3932 οἱ
1340 3868 1514 3954 μετέχοντες

253 3975 407 4036 ἐκαλοῦντο
435 3975 577 4052 γεννῆται,
612 3970 645 4032 οὐ
677 3970 750 4032 κατά
781 3969 862 4050 γένος
890 3970 1029 4052 ἀλλήλοις
1060 3970 1256 4053 προσήκοντες
1277 3972 1334 4035 οὐδ’
1367 3974 1426 4035 άπδ
1461 3977 1513 4036 τοῦ

253 4078 341 4139 αὐτοῦ
374 4076 506 4158 αίματος,
541 4073 601 4136 ἀλλ’
628 4075 727 4156 ὥσπερ
762 4075 788 4135 οί
816 4075 941 4155 δημόται
968 4075 1016 4136 καὶ
1049 4076 1190 4158 φράτορες
1225 4074 1380 4138 ἐκαλοῦντο
1414 4074 1513 4159 νόμιον

199 4202 231 4249 35
252 4181 400 4245 κοινωνίαν
424 4181 485 4242 τινδι
508 4177 625 4262 ἔχοντες
648 4178 724 4240 οὐτιο
748 4179 795 4239 καί
818 4177 845 4238 οἱ
868 4182 1001 4260 γεννῆται
1026 4184 1199 4260 συγγενικῶν
1223 4178 1327 4262 ὀργίων
1351 4180 1400 4242 καλ
1422 4180 1513 4260 θεῶν,

254 4286 303 4369 ἀφ’
327 4287 367 4348 ῶν
391 4285 533 4369 όργεῶνες
555 4283 783 4365 ὠνομάσθησαν.
829 4280 928 4344 θυίιλΙ
957 4286 1103 4366 γεννήταις
1139 4282 1197 4368 οὐχ
1223 4285 1250 4345 οἱ
1278 4282 1311 4346 ἐκ
1337 4282 1437 4366 γένους
1464 4285 1512 4347 καὶ
1594 4267 1597 4273 ,

254 4387 299 4472 ἀφ’
328 4387 449 4467 αἵματος
473 4390 677 4471 προσήκοντες,
712 4383 772 4448 ἀλλ’
800 4385 826 4446 οἱ
855 4385 887 4448 ἐκ
914 4378 971 4448 τῶν
999 4393 1090 4467 γενῶν
1114 4392 1171 4450 τῶν
1195 4387 1450 4470 σοννενεμημένονν
1473 4390 1514 4456 εἰς

200 4684 216 4739 2
235 4682 360 4736 articulos
380 4682 469 4749 suppl.
490 4681 561 4733 K-W
695 4680 711 4730 4
729 4679 788 4735 τοὺς
807 4667 915 4756 [ἄλλοις]
935 4678 1037 4738 πολίτας
1056 4679 1125 4731 K-W
1268 4677 1425 4750 ΊὍμηρος]
1445 4679 1532 4734 Β547

203 4771 233 4822 λθ
253 4767 355 4842 διήρητο
376 4770 446 4821 1<-W
589 4768 623 4825 τίς
642 4765 799 4834 (εὐπατρίδας
818 4770 872 4831 καὶ)
890 4767 1017 4836 γειοργούς
1036 4766 1105 4817 K·W
1249 4770 1283 4822 ‘20
1302 4779 1327 4822 et
1346 4769 1379 4821 ⁴28
1399 4770 1515 4839 φατρίας]
1535 4767 1565 4821 cf.

200 4860 374 4913 Meisterhans
394 4875 418 4926 p.
433 4857 516 4927 32:013
536 4858 567 4909 de
588 4857 688 4927 vulgari
708 4855 790 4908 forma
809 4853 842 4911 ef.
862 4854 878 4908 l.
898 4854 927 4908 13
947 4866 972 4907 et
992 4856 1071 4907 Arist.
1092 4872 1116 4925 p.
1131 4855 1190 4924 2²5,ss
1290 4857 1323 4914 23
1343 4857 1369 4920 ἐξ
1388 4864 1413 4910 et
1432 4857 1458 4911 αἱ
1476 4857 1563 4930 suppl.

201 4966 232 5002 ex
253 4950 332 5017 Harp.
