3510 5610
94 325 312 389 3368011011

105 525 114 563 .·
147 521 221 576 μινυς
233 505 408 562 πολιτεώεσθαι
426 508 492 560 κατὰ
511 509 591 567 πάσας
605 508 751 575 (πολιτείας)

147 594 225 660 3335
256 597 313 667 (τήν
331 597 436 666 πάτριον
449 596 585 664 πολιτείαν)
599 596 659 658 373
672 596 751 664 4133

148 701 218 753 pass.
229 683 426 754 ίπολιττώίλησαν
435 681 562 755 Ἀθηναῖοι
573 682 660 744 καλῶς
673 685 751 752 3733

148 771 227 838 3633
678 825 679 829 ,
722 830 723 834 ,

94 850 232 931 πολίτης
263 853 476 930 άγάθοῦπολίτου
489 858 560 930 έργον
573 860 651 927 3335
683 861 751 928 plur.

93 939 96 948 ⁸
148 948 226 1014 1030
250 948 329 1012 3930
351 945 486 1013 373333
509 947 639 1010 383131
665 947 752 1014 3930.

128 1044 131 1051 “
147 1034 180 1086 36
200 1036 300 1100 40,4.7
320 1036 385 1102 453
403 1036 467 1101 493
507 1034 581 1103 (ορρ,
598 1043 651 1094 τοῖς
670 1037 751 1105 μετοί·

91 1142 94 1150 ·
147 1126 212 1187 κοις)
231 1123 291 1189 693

93 1208 258 1269 πολιτικάς
270 1213 303 1282 τῇ
313 1210 384 1279 φώσει
394 1212 507 1276 (idoneus
520 1211 619 1280 quirem
627 1212 751 1279 publicam

90 1309 94 1340 f
144 1302 268 1369 capessat)
281 1299 359 1362 3035
390 1298 554 1369 ὁμολογοῦσιν
574 1297 664 1368 ἄνδρας
682 1315 751 1367 γεγο-

148 1388 214 1439 νέναι
232 1385 262 1440 σὺ
281 1388 358 1456 μόνον
372 1387 465 1446 καλοὺς
478 1384 607 1457 κάγαθοὺς
625 1385 689 1438 ἀλλὰ
708 1386 752 1438 καὶ

143 1468 287 1533 πολιτικοὺςΙ
313 1477 357 1528 καὶ
384 1477 417 1547 τῇ
439 1474 508 1528 πόλει
530 1475 597 1545 πάσῃ
621 1480 752 1544 πατρικῶς

147 1563 294 1633 χρωμένους
307 1562 386 1626 3330
415 1563 447 1615 τά
460 1561 576 1615 πολιτικά
588 1581 629 1613 m
639 1563 752 1628 ριώίὶοιιε

149 1649 205 1717 10,5
224 1649 285 1713 353
321 1648 335 1702 ὁ
354 1650 380 1703 δὲ
399 1652 430 1702 τά
449 1649 564 1704 πολιτικά
583 1650 663 1709 διινάς
680 1650 752 1716 (Διί-

146 1738 237 1799 ιιίίᾱοε,
256 1753 318 1806 opp.
331 1739 363 1790 τά
376 1737 495 1808 πολέμια)
506 1738 583 1804 3730
609 1738 669 1791 adv.
682 1737 752 1790 πολι·

145 1830 223 1883 τικῶς
241 1827 312 1877 civili
335 1846 399 1876 more
418 1830 491 1895 (opp.
505 1826 672 1898 τυραννικῶς)
695 1825 751 1892 17,6

91 1940 104 1954 -·
149 1913 224 1980 1834
255 1913 487 1981 ευροτ1.κάλλιστα
506 1915 550 1968 καὶ
562 1912 752 1967 πολιτικώτατα

144 1999 286 2073 χρήσασθαι
303 2009 357 2060 ταῖς
375 2010 514 2073 συμφοραῖς
531 2002 592 2068 433

92 2087 249 2148 πολλάκις
269 2089 327 2152 103
350 2090 426 2154 1833

93 2175 239 2249 πολλαχῇ
256 2175 318 2231 8010
341 2177 400 2243 133
660 2217 662 2220 -

92 2263 255 2334 πολλαχοῦ
283 2265 408 2336 μέμνηται
436 2266 483 2329 73
524 2268 658 2339 γέγραπται
687 2268 751 2331 939

91 2350 187 2410 πολώς
205 2351 316 2424 (χρόνος)
339 2354 386 2418 3,5
410 2353 476 2420 530
499 2354 543 2421 63
571 2355 651 2419 1730
672 2356 750 2420 1937

144 2441 209 2505 313
229 2441 313 2504 3930
331 2440 396 2505 37,4
414 2440 476 2503 393
499 2442 591 2510 (saepe
615 2459 672 2496 ουιο
692 2443 751 2496 lito·

142 2533 196 2582 tete
215 2525 274 2597 μετ’
294 2527 325 2581 οίν
346 2528 424 2582 πολὺν
442 2530 532 2600 χράνον
552 2532 622 2597 sim.)
671 2529 749 2588 πολὺς

143 2615 219 2686 ὄλβος
237 2616 298 2670 8010
320 2616 407 2683 13,13.
422 2620 451 2672 16
488 2617 582 2692 (χώρα)
602 2619 645 2685 7,1
684 2617 748 2671 πολὺ

91 2735 108 2740 -=
144 2704 206 2776 πρὸς
225 2703 348 2775 ώμάτητα
366 2708 410 2758 καὶ
427 2705 548 2778 πονηρίαν
567 2705 687 2760 ἐπέδοσαν
706 2706 749 2769 39,

103 2827 105 2831 -
146 2793 178 2846 18
210 2788 268 2862 μετ’
282 2791 312 2845 οὺ
324 2792 389 2846 πολὺ
408 2794 448 2857 7,]
481 2794 748 2864 πολλιγῖἰιιπίεσοω-

143 2897 198 2949 par.
214 2879 290 2944 1933
327 2883 389 2935 11οω
408 2881 471 2935 πολώ
490 2883 568 2950 3038
587 2882 647 2950 353
684 2882 748 2936 πολὺ

142 2971 220 3042 χείρω
234 2967 294 3030 313
333 2971 401 3037 plur.
415 2971 509 3024 adieet.
522 2970 623 3024 πολλῶν
643 2970 748 3042 ἀγαθῶν

104 3084 108 3094 =
143 3058 169 3115 ἐς
198 3055 274 3126 κάρον
305 3054 416 3125 ήλάσατι
446 3058 507 3112 8010
536 3058 601 3124 633
645 3056 750 3111 πολλῶν

145 3144 244 3214 ἀνδρῶν
272 3143 334 3196 8010
358 3143 420 3211 14,5
466 3147 492 3199 ίν
522 3147 593 3199 κυσίν
621 3145 750 3199 πολλαῖσιν

145 3232 207 3286 8010
224 3231 281 3296 143
313 3232 532 3304 (ἀμφισβητήσεις)
548 3233 606 3298 113
643 3234 711 3304 (ἔτη)
724 3235 751 3300 4,

149 3320 180 3373 18
217 3316 321 3387 ίκλίαῖ)
343 3321 420 3385 1930
455 3323 594 3393 (χρημάτα)
613 3322 673 3385 383

130 3400 133 3403 “
180 3409 426 3478 ρ1οι.ου1)είουίίιο
438 3415 495 3462 sine
508 3410 629 3463 articulo:
643 3409 751 3469 πολλοὺς

146 3492 283 3566 δ’Ἆθήνας
294 3535 300 3548 ·
311 3536 317 3548 ·
329 3498 471 3568 ,ἀνήγαγον
482 3498 544 3551 8010
555 3498 631 3564 13,10
649 3498 750 3552 πολλῶν

144 3583 337 3638 κοινωνοώντων
355 3589 401 3655 τῆς
420 3585 545 3644 πολιτείας
567 3585 643 3651 1534
661 3586 693 3639 cf.
710 3586 750 3650 17,

91 3685 93 3688 ’
145 3672 178 3724 36
191 3672 270 3737 3034
283 3672 409 3738 3135.19
422 3673 548 3736 413833
562 3674 636 3737 7831
670 3673 751 3728 πολλὰ

93 3791 96 3795 ·
145 3761 316 3832 σοφιζομένων
340 3759 422 3827 4334
459 3761 538 3831 ίτεροι
561 3760 650 3815 πολλοί
668 3761 750 3827 3733

179 3864 200 3900 c.
223 3865 285 3918 gen.
309 3853 375 3917 part.
396 3848 460 3915 (τῶν
491 3851 637 3920 γνωρίμων)
669 3850 751 3918 1133

148 3940 211 4001 (τῶν
224 3935 416 4007 Ἀρεοπαγιτῶν)
429 3935 506 4002 3837
538 3938 601 4003 (τῶν
620 3937 751 4007 δημοτῶν)

91 4044 96 4051 ’
146 4023 224 4090 3033
254 4023 378 4078 τὰπολλὰ
396 4030 449 4077 τῶν
462 4025 630 4097 δικαστηρίων
643 4025 703 4088 803
720 4055 749 4064 -

145 4112 207 4164 item
221 4128 280 4164 cum
296 4120 343 4166 ιιιί.
359 4109 483 4184 ἐφθάρθαι
495 4113 553 4172 τοὺς
565 4112 673 4171 πολλοὺς
685 4115 752 4167 κατὰ

145 4198 256 4268 πόλεμον
272 4199 351 4264 3937
382 4217 440 4253 eum
460 4217 520 4270 gen.
535 4209 601 4270 part.
615 4207 667 4254 τῶν
686 4220 749 4271 γνω·

145 4287 227 4357 ρίμων
246 4288 270 4341 οἱ
288 4286 377 4341 πολλοί
392 4288 467 4354 1939
499 4289 645 4357 praegn.01
663 4288 752 4343 πολλοί

145 4377 173 4441 (i.
187 4393 212 4444 q.
231 4375 260 4429 τὸ
278 4373 384 4445 πλῆθος,
403 4373 417 4427 θ
436 4375 522 4445 δῆμος,
541 4391 605 4445 opp.
618 4378 642 4430 01
660 4376 750 4447 θλίγοι)

90 4471 94 4484 ·
136 4461 205 4529 ’333
224 4462 286 4529 530
307 4463 383 4530 3831
404 4463 481 4530 3937
501 4463 613 4529 30319
637 4465 706 4531 333.
718 4465 751 4519 33

148 4548 325 4615 38304333
361 4557 446 4605 neutr.
460 4557 512 4604 τών
530 4551 633 4605 πολλῶν
650 4553 750 4623 είσηγη-

91 4650 93 4654 ·
129 4636 191 4706 ’τής
208 4637 287 4703 3038
324 4640 381 4693 σὰν.
394 4641 426 4692 τά
444 4638 525 4692 πολλά
544 4638 605 4703 343

179 4741 264 4794 comp.
287 4726 381 4780 πλιίων
408 4729 510 4797 γένηται
537 4732 583 4792 (se.
610 4724 750 4796 ὁάριθμὸς

144 4817 196 4864 τῶν
216 4813 310 4884 ψήφων
329 4815 393 4882 833
430 4814 496 4886 μάνη
519 4819 571 4867 τῶν
590 4815 678 4888 ἀρχῶν
702 4815 749 4870 οὐκ

144 4899 242 4970 1γάνετο
260 4899 354 4955 πλιίων
367 4901 489 4961 1νιαυοίας
501 4904 559 4971 431
592 4903 670 4958 πλιίω
689 4904 749 4976 χρώ·

1218 357 1309 420 πρνγος
1400 334 1457 399 141

856 525 899 561 νον
917 509 976 574 483
1009 507 1078 565 ὅπως
1099 507 1133 576 μή
1154 506 1268 564 πλε1ονος
1286 506 1302 575 ἢ
1322 505 1388 560 δυεῖν
1406 506 1463 578 δρα-

856 604 934 668 χμαῖς
957 594 1165 664 μισθωθήσονται
1187 595 1270 661 5430
1312 593 1379 662 ρ1ιιτ.
1393 593 1463 653 ὅπως

857 685 1002 756 μετάσχωσι
1029 683 1129 742 πλείους
1155 687 1201 752 τῆς
1227 681 1352 741 πολιτείας
1380 682 1463 745 3433

857 771 956 830 πλείους
969 771 985 842 ἡ
999 771 1140 842 δισμυρίους
1153 770 1244 841 ἄνδρας
1256 770 1335 836 3833
1366 771 1395 823 ἐκ
1408 777 1461 822 τῶν

816 878 818 882 ’
858 860 897 913 ἀεὶ
916 858 1089 929 βουλευόντων
1107 857 1207 924 πλιίους
1225 855 1406 927 προκρίνοντος
1418 859 1461 922 34,

860 949 888 1000 11
921 947 965 1000 έάν
984 947 1021 1018 μή
1033 947 1141 1000 δέωνται
1153 944 1276 998 πλειόνων
1289 945 1367 1013 3433
1398 948 1462 1013 μετά

857 1034 979 1088 πλειόνων
1008 1034 1092 1101 3430
1132 1032 1162 1085 ἂν
1186 1032 1286 1091 πλείους
1312 1034 1359 1103 τήν
1382 1033 1462 1104 αὐτὴν

857 1122 1016 1177 σπουδάσωσι
1034 1121 1118 1191 λαβεῖν
1132 1120 1211 1184 5430
1241 1120 1265 1173 οί
1283 1120 1383 1179 πλιίους
1402 1122 1464 1187 430

856 1211 911 1281 πιρ1
939 1210 1052 1268 πλείονος
1083 1206 1234 1280 ποιήσασθαι
1265 1208 1312 1274 7,6
1358 1210 1463 1262 adverb.

856 1299 931 1351 πλέον
944 1298 960 1367 ή
974 1298 1041 1359 ἅπαξ
1054 1296 1126 1368 άρξαι
1138 1296 1217 1362 3533
1231 1296 1263 1349 cf.
1274 1296 1351 1359 4831
1384 1295 1463 1350 πλείω

856 1387 886 1440 ἐκ
905 1389 950 1456 τῆς
969 1382 1077 1455 Εὐβοίας
1100 1385 1116 1453 ἡ
1135 1388 1181 1454 τῆς
1191 1380 1306 1453 Ἀττικῆς
1325 1383 1463 1456 ίτώγχανον

858 1475 1031 1545 ώφιλοώμινοι
1053 1472 1119 1534 363
1160 1472 1258 1541 οορειλ
1276 1471 1378 1526 πλεῖστα
1400 1473 1463 1543 χρή-

840 1566 842 1571 ’
858 1583 926 1632 ματα
939 1565 999 1627 513
1028 1561 1124 1631 (ἀρχαί)
1134 1560 1196 1623 493
1223 1561 1254 1612 τά
1267 1558 1371 1614 πλεῖστα
1383 1563 1462 1625 (coni.

858 1653 889 1704 τὰ
907 1652 1021 1720 μέγιστα)
1043 1649 1101 1712 103
1120 1649 1152 1700 cf.
1165 1648 1243 1713 4939
1263 1648 1324 1713 54,4
1360 1647 1463 1702 πλιῑστα

857 1737 1009 1808 ἁμαρτάνειν
1028 1737 1089 1797 433

805 1827 977 1896 πομπεύειν
997 1824 1056 1893 313
1171 1869 1173 1873 .

803 1915 919 1984 πομπή.
959 1914 1064 1983 πέμπειν
1091 1913 1137 1983 τὴν
1159 1913 1264 1984 πομπήν
1287 1913 1352 1977 663
1392 1912 1463 1972 ίάπο-

856 2002 975 2069 στέλλειν,
1001 2019 1062 2071 ορρ.
1084 2000 1211 2074 δέχεσθαι)
1240 2000 1323 2065 3036
1365 2000 1462 2067 (διακο-

855 2093 935 2160 σμεῖν)
950 2091 1005 2156 313
1040 2089 1163 2156 (διοικεῖν)
1176 2090 1254 2155 7034
1285 2086 1412 2153 (Διονώσια
1429 2090 1461 2142 τά

856 2179 897 2232 έπ1
909 2178 1021 2247 Ληναίῳ,
1040 2179 1109 2232 coni.
1123 2176 1203 2246 άγών)
1222 2176 1344 2246 663τά
1362 2177 1399 2235 εἰς
1415 2178 1462 2246 τήν

856 2267 960 2337 πομπήν
984 2265 1139 2335 ἀναλώματα
1159 2264 1241 2330 6335
1277 2271 1387 2334 πομπῶν
1410 2264 1463 2317 ίπι·

856 2353 967 2423 μελεῖται
986 2356 1054 2423 plur.
1068 2353 1146 2420 6333

802 2443 936 2513 πονηρία
955 2443 1035 2509 (coni.
1055 2442 1168 2510 ώμάτης)
1187 2439 1266 2506 3938

801 2529 936 2601 πονηράς
963 2530 1030 2599 plur.
1049 2529 1130 2596 (coni.
1148 2530 1370 2598 κακοπράγμονας)
1394 2526 1459 2591 383

853 2619 883 2671 άν
908 2634 946 2676 τις
962 2618 1070 2690 πονηρὸς
1093 2616 1130 2670 ὢν
1149 2616 1281 2688 άπαλλάξη
1305 2617 1363 2674 τοὺς
1382 2634 1462 2684 κατη-

852 2707 941 2777 γόρους
959 2705 1035 2770 6331

800 2792 990 2865 ποριώεσθαι
1008 2794 1053 2858 (είς
1073 2790 1199 2864 Πειραιέα)
1217 2793 1296 2855 4433

800 2883 954 2952 πορίζειν
985 2881 1108 2951 (δραχμάς
1138 2883 1238 2950 ἑκάστῳ
1269 2879 1351 2944 ὀκτώ)
1379 2880 1459 2942 3731
1495 2928 1497 2932 ,

853 2970 911 3041 (τὴν
938 2969 1071 3041 διωβελίαν
1094 2972 1205 3040 πρῶτος)
1232 2970 1314 3031 3138
1350 2967 1464 3038 (ὀβολόν)

854 3060 932 3123 4936
1400 3106 1402 3110 ,

801 3147 885 3201 ποτέ.
916 3151 961 3217 τῆς
981 3145 1031 3216 ἐγώ
1044 3164 1105 3199 ποτε
1125 3143 1198 3214 ὅρους
1212 3144 1310 3199 ἀνεῖλον
1324 3145 1388 3199 8010,
1403 3143 1460 3208 133

855 3236 900 3288 καί
920 3253 980 3288 ποτε
1004 3232 1173 3304 προσκληθείς
1198 3232 1278 3299 1935
1324 3232 1399 3300 (opp.
1416 3236 1461 3284 νῦν

856 3322 892 3386 61)
912 3321 989 3387 5337
1026 3321 1153 3391 ὁποτέρως
1171 3317 1229 3375 ποτ’
1246 3321 1299 3391 ἔχει
1317 3321 1379 3384 434

803 3410 941 3481 πότερος.
978 3410 1084 3478 πότερον
1100 3408 1176 3479 ...ή
1195 3407 1225 3461 οὔ
1244 3408 1338 3474 5334,
1447 3439 1449 3444 ·

803 3503 860 3551 ποῦ
880 3499 935 3551 ind.
947 3500 1037 3552 interr.
1051 3497 1137 3561 6333.
1151 3497 1182 3550 13

802 3588 869 3640 ποὺ.
907 3585 1014 3655 ἑτέρωθί
1031 3604 1078 3639 που
1100 3584 1176 3651 1334

801 3680 927 3745 πρᾶγμα
954 3677 1027 3743 (ορρ,
1049 3673 1141 3744 ὄνομα)
1168 3672 1236 3738 830
1280 3670 1314 3730 ιίς
1341 3668 1403 3723 αὐτὸ
1431 3667 1460 3722 τὸ

854 3769 956 3835 πρᾶγμα
976 3765 1039 3834 ἐρεῖν
1059 3762 1136 3826 7836

892 3851 958 3919 plur.
976 3869 1056 3902 rerum
1080 3850 1188 3901 condicio
1210 3847 1272 3919 πρὸς
1294 3846 1326 3900 τά
1348 3846 1461 3916 παρόντα

854 3942 988 4009 πράγματα
1016 3937 1099 4003 7134
1140 3935 1170 3989 οὑ
1192 3938 1347 4008 χρησάμενοι
1373 3933 1461 3992 καλῶς

856 4035 909 4085 τοῖς
927 4028 1052 4098 πράγμασι
1070 4025 1131 4090 373
1167 4030 1219 4077 τῶν
1238 4027 1387 4094 στρατηγῶν
1405 4022 1460 4083 ἐξα-

856 4116 1022 4185 πορησάντων
1040 4121 1093 4170 τοῖς
1112 4114 1240 4183 πράγμασι
1258 4109 1337 4174 3730
1357 4139 1388 4147 -
1401 4111 1459 4178 sor-

856 4215 915 4255 euna
932 4210 985 4260 τοῖς
1003 4203 1129 4272 πράγμασι
1148 4201 1228 4265 (coni.
1241 4218 1273 4272 τη
1293 4197 1374 4266 οώσίφ,
1397 4214 1460 4266 opp.

855 4294 889 4362 τῇ
908 4291 980 4361 φώοει
998 4291 1041 4343 καί
1063 4294 1094 4364 τη
1114 4289 1185 4359 δόξη)
1204 4287 1250 4354 63
1288 4286 1409 4357 ίσόρροπα
1427 4286 1458 4338 τὰ

855 4381 990 4450 πράγματα
1008 4380 1074 4431 κατά
1092 4377 1136 4431 τὸν
1155 4375 1265 4444 πόλεμον
1283 4374 1315 4445 ήν
1333 4371 1411 4438 3337
1426 4401 1459 4411 -

856 4486 896 4518 νει
915 4468 1016 4532 publica
1039 4465 1125 4538 κώριος
1146 4470 1199 4516 τῶν
1222 4464 1376 4535 πραγμάτων
1395 4461 1459 4526 639

858 4553 935 4619 3033
966 4556 997 4607 τά
1012 4555 1145 4624 πράγματα
1159 4555 1278 4605 νοσοῦντα
1292 4550 1334 4615 73
1352 4549 1386 4604 cf.
1399 4549 1460 4611 20,4

856 4641 917 4706 343
937 4641 997 4707 363
1016 4641 1095 4707 3838
1113 4641 1175 4704 40,4
1192 4638 1271 4705 4337

802 4729 917 4803 πρᾶξις.
954 4733 1070 4800 πράττιιν
1088 4729 1135 4799 τὴν
1153 4727 1240 4797 πρᾶξιν
1260 4727 1304 4790 (de
1324 4725 1459 4779 Harmodii

855 4819 1050 4886 coniuratione)
1071 4817 1149 4881 3033
1168 4815 1309 4882 013136

801 4907 895 4977 πρᾷος
912 4908 992 4972 (coni.
1006 4904 1197 4977 φιλάνθρωπος,
1220 4910 1271 4962 τοῖς
1290 4903 1460 4973 ἁμαρτάνουσι
