<?xml version="1.0" encoding="UTF-8"?>
<!DOCTYPE html PUBLIC "-//W3C//DTD XHTML 1.0 Transitional//EN"
    "http://www.w3.org/TR/xhtml1/DTD/xhtml1-transitional.dtd">
<html xmlns="http://www.w3.org/1999/xhtml" xml:lang="en" lang="en">
 <head>
  <title>
</title>
<meta http-equiv="Content-Type" content="text/html;charset=utf-8" />
  <meta name='ocr-system' content='tesseract 3.04.00' />
  <meta name='ocr-capabilities' content='ocr_page ocr_carea ocr_par ocr_line ocrx_word'/>
</head>
<body>
  <div class='ocr_page' id='page_1' title='image "./supplementumari00arisgoog/supplementumari00arisgoog_0155.png"; bbox 0 0 3510 5610; ppageno 0'>
   <div class='ocr_carea' id='block_1_1' title="bbox 289 316 1085 372">
    <p class='ocr_par' dir='ltr' id='par_1_1' title="bbox 289 316 1085 372">
     <span class='ocr_line' id='line_1_1' title="bbox 289 316 1085 372; baseline 0.009 -7"><span class='ocrx_word' id='word_1_1' title='bbox 289 331 336 366; x_wconf 82' lang='lat' dir='ltr'>rm</span> <span class='ocrx_word' id='word_1_2' title='bbox 856 316 1085 372; x_wconf 78' lang='lat' dir='ltr'><strong>PRAEFATIO</strong></span> 
     </span>
    </p>
   </div>
   <div class='ocr_carea' id='block_1_2' title="bbox 127 490 1675 4619">
    <p class='ocr_par' dir='ltr' id='par_1_2' title="bbox 286 490 1660 1485">
     <span class='ocr_line' id='line_1_2' title="bbox 292 490 1660 579; baseline 0.003 -27"><span class='ocrx_word' id='word_1_3' title='bbox 292 509 393 573; x_wconf 89' lang='lat' dir='ltr'>neque</span> <span class='ocrx_word' id='word_1_4' title='bbox 415 510 555 574; x_wconf 90' lang='lat' dir='ltr'>unquam</span> <span class='ocrx_word' id='word_1_5' title='bbox 577 491 696 558; x_wconf 78' lang='lat' dir='ltr'>habuit.</span> <span class='ocrx_word' id='word_1_6' title='bbox 746 492 858 579; x_wconf 78' lang='lat' dir='ltr'>incipit</span> <span class='ocrx_word' id='word_1_7' title='bbox 880 491 964 558; x_wconf 93' lang='lat' dir='ltr'>enim</span> <span class='ocrx_word' id='word_1_8' title='bbox 986 492 1019 557; x_wconf 92' lang='lat' dir='ltr'>in</span> <span class='ocrx_word' id='word_1_9' title='bbox 1041 491 1144 559; x_wconf 91' lang='lat' dir='ltr'>medio</span> <span class='ocrx_word' id='word_1_10' title='bbox 1168 491 1325 557; x_wconf 79' lang='lat' dir='ltr'>clausulae</span> <span class='ocrx_word' id='word_1_11' title='bbox 1346 490 1557 577; x_wconf 76' lang='lat' dir='ltr'>imperfectae,</span> <span class='ocrx_word' id='word_1_12' title='bbox 1581 512 1660 575; x_wconf 90' lang='lat' dir='ltr'>quae</span> 
     </span>
     <span class='ocr_line' id='line_1_3' title="bbox 289 590 1658 681; baseline 0.002 -26"><span class='ocrx_word' id='word_1_13' title='bbox 289 590 323 655; x_wconf 92' lang='lat' dir='ltr'>in</span> <span class='ocrx_word' id='word_1_14' title='bbox 350 591 452 677; x_wconf 91' lang='lat' dir='ltr'>capite</span> <span class='ocrx_word' id='word_1_15' title='bbox 479 593 610 678; x_wconf 83' lang='lat' dir='ltr'>paginae</span> <span class='ocrx_word' id='word_1_16' title='bbox 637 595 756 680; x_wconf 91' lang='lat' dir='ltr'>primae</span> <span class='ocrx_word' id='word_1_17' title='bbox 783 595 945 680; x_wconf 89' lang='lat' dir='ltr'>reperitur,</span> <span class='ocrx_word' id='word_1_18' title='bbox 978 602 1050 659; x_wconf 91' lang='lat' dir='ltr'>ante</span> <span class='ocrx_word' id='word_1_19' title='bbox 1078 616 1173 679; x_wconf 91' lang='lat' dir='ltr'>quam</span> <span class='ocrx_word' id='word_1_20' title='bbox 1199 594 1336 681; x_wconf 90' lang='lat' dir='ltr'>spatium</span> <span class='ocrx_word' id='word_1_21' title='bbox 1364 594 1495 680; x_wconf 83' lang='lat' dir='ltr'>paginae</span> <span class='ocrx_word' id='word_1_22' title='bbox 1522 615 1658 660; x_wconf 88' lang='lat' dir='ltr'>vacuum</span> 
     </span>
     <span class='ocr_line' id='line_1_4' title="bbox 291 693 1658 782; baseline 0 -22"><span class='ocrx_word' id='word_1_23' title='bbox 291 693 436 769; x_wconf 82' lang='lat' dir='ltr'>relictum</span> <span class='ocrx_word' id='word_1_24' title='bbox 458 703 514 761; x_wconf 88' lang='lat' dir='ltr'>ost.</span> <span class='ocrx_word' id='word_1_25' title='bbox 559 696 617 762; x_wconf 92' lang='lat' dir='ltr'>hoc</span> <span class='ocrx_word' id='word_1_26' title='bbox 640 697 709 763; x_wconf 90' lang='lat' dir='ltr'>ideo</span> <span class='ocrx_word' id='word_1_27' title='bbox 732 717 798 763; x_wconf 89' lang='lat' dir='ltr'>esse</span> <span class='ocrx_word' id='word_1_28' title='bbox 820 697 937 762; x_wconf 86' lang='lat' dir='ltr'>sactum</span> <span class='ocrx_word' id='word_1_29' title='bbox 968 705 1004 762; x_wconf 90' lang='lat' dir='ltr'>ut</span> <span class='ocrx_word' id='word_1_30' title='bbox 1027 697 1117 761; x_wconf 92' lang='lat' dir='ltr'>initio</span> <span class='ocrx_word' id='word_1_31' title='bbox 1140 697 1309 761; x_wconf 82' lang='lat' dir='ltr'>voluminis</span> <span class='ocrx_word' id='word_1_32' title='bbox 1333 698 1422 782; x_wconf 88' lang='lat' dir='ltr'>qnasi</span> <span class='ocrx_word' id='word_1_33' title='bbox 1445 703 1658 762; x_wconf 76' lang='lat' dir='ltr'>tutamentum</span> 
     </span>
     <span class='ocr_line' id='line_1_5' title="bbox 290 798 1660 886; baseline 0.001 -22"><span class='ocrx_word' id='word_1_34' title='bbox 290 806 370 864; x_wconf 85' lang='lat' dir='ltr'>esset</span> <span class='ocrx_word' id='word_1_35' title='bbox 399 798 490 863; x_wconf 84' lang='lat' dir='ltr'>facile</span> <span class='ocrx_word' id='word_1_36' title='bbox 516 799 662 882; x_wconf 91' lang='lat' dir='ltr'>creditur,</span> <span class='ocrx_word' id='word_1_37' title='bbox 690 822 759 865; x_wconf 92' lang='lat' dir='ltr'>cum</span> <span class='ocrx_word' id='word_1_38' title='bbox 787 801 820 864; x_wconf 91' lang='lat' dir='ltr'>in</span> <span class='ocrx_word' id='word_1_39' title='bbox 849 799 920 865; x_wconf 89' lang='lat' dir='ltr'>aliis</span> <span class='ocrx_word' id='word_1_40' title='bbox 948 821 1070 886; x_wconf 90' lang='lat' dir='ltr'>quoque</span> <span class='ocrx_word' id='word_1_41' title='bbox 1098 800 1224 885; x_wconf 87' lang='lat' dir='ltr'>papyris</span> <span class='ocrx_word' id='word_1_42' title='bbox 1245 803 1286 882; x_wconf 92' lang='lat' dir='ltr'>(e.</span> <span class='ocrx_word' id='word_1_43' title='bbox 1304 822 1330 884; x_wconf 92' lang='lat' dir='ltr'>g.</span> <span class='ocrx_word' id='word_1_44' title='bbox 1354 820 1391 864; x_wconf 93' lang='lat' dir='ltr'>ea</span> <span class='ocrx_word' id='word_1_45' title='bbox 1413 821 1494 884; x_wconf 90' lang='lat' dir='ltr'>quae</span> <span class='ocrx_word' id='word_1_46' title='bbox 1516 801 1660 866; x_wconf 90' lang='lat' dir='ltr'>Herodae</span> 
     </span>
     <span class='ocr_line' id='line_1_6' title="bbox 289 902 1659 988; baseline 0.001 -22"><span class='ocrx_word' id='word_1_47' title='bbox 289 902 402 967; x_wconf 91' lang='lat' dir='ltr'>mimos</span> <span class='ocrx_word' id='word_1_48' title='bbox 429 904 580 985; x_wconf 88' lang='lat' dir='ltr'>servavit)</span> <span class='ocrx_word' id='word_1_49' title='bbox 605 904 709 968; x_wconf 87' lang='lat' dir='ltr'>simile</span> <span class='ocrx_word' id='word_1_50' title='bbox 735 904 925 984; x_wconf 81' lang='lat' dir='ltr'>inveniatur3</span> <span class='ocrx_word' id='word_1_51' title='bbox 954 903 1007 968; x_wconf 91' lang='lat' dir='ltr'>sed</span> <span class='ocrx_word' id='word_1_52' title='bbox 1036 902 1110 988; x_wconf 91' lang='lat' dir='ltr'>quia</span> <span class='ocrx_word' id='word_1_53' title='bbox 1136 903 1169 966; x_wconf 92' lang='lat' dir='ltr'>iu</span> <span class='ocrx_word' id='word_1_54' title='bbox 1193 903 1303 968; x_wconf 91' lang='lat' dir='ltr'>ceteris</span> <span class='ocrx_word' id='word_1_55' title='bbox 1325 902 1538 969; x_wconf 80' lang='lat' dir='ltr'>voluminibus</span> <span class='ocrx_word' id='word_1_56' title='bbox 1566 903 1659 968; x_wconf 89' lang='lat' dir='ltr'>huius</span> 
     </span>
     <span class='ocr_line' id='line_1_7' title="bbox 289 1004 1658 1092; baseline 0.001 -24"><span class='ocrx_word' id='word_1_57' title='bbox 289 1004 389 1089; x_wconf 91' lang='lat' dir='ltr'>operis</span> <span class='ocrx_word' id='word_1_58' title='bbox 410 1005 533 1070; x_wconf 89' lang='lat' dir='ltr'>nullum</span> <span class='ocrx_word' id='word_1_59' title='bbox 555 1007 618 1071; x_wconf 87' lang='lat' dir='ltr'>tale</span> <span class='ocrx_word' id='word_1_60' title='bbox 641 1007 779 1092; x_wconf 90' lang='lat' dir='ltr'>spatium</span> <span class='ocrx_word' id='word_1_61' title='bbox 802 1006 945 1071; x_wconf 91' lang='lat' dir='ltr'>relictum</span> <span class='ocrx_word' id='word_1_62' title='bbox 969 1013 1024 1090; x_wconf 88' lang='lat' dir='ltr'>est,</span> <span class='ocrx_word' id='word_1_63' title='bbox 1052 1013 1155 1092; x_wconf 91' lang='lat' dir='ltr'>potest</span> <span class='ocrx_word' id='word_1_64' title='bbox 1178 1006 1274 1070; x_wconf 90' lang='lat' dir='ltr'>etiam</span> <span class='ocrx_word' id='word_1_65' title='bbox 1297 1005 1374 1070; x_wconf 93' lang='lat' dir='ltr'>illud</span> <span class='ocrx_word' id='word_1_66' title='bbox 1398 1006 1497 1071; x_wconf 90' lang='lat' dir='ltr'>conici</span> <span class='ocrx_word' id='word_1_67' title='bbox 1520 1006 1658 1092; x_wconf 89' lang='lat' dir='ltr'>spatium</span> 
     </span>
     <span class='ocr_line' id='line_1_8' title="bbox 287 1109 1658 1196; baseline 0.001 -25"><span class='ocrx_word' id='word_1_68' title='bbox 287 1116 450 1193; x_wconf 89' lang='lat' dir='ltr'>propterea</span> <span class='ocrx_word' id='word_1_69' title='bbox 471 1109 614 1175; x_wconf 92' lang='lat' dir='ltr'>relictum</span> <span class='ocrx_word' id='word_1_70' title='bbox 637 1132 703 1176; x_wconf 88' lang='lat' dir='ltr'>esse</span> <span class='ocrx_word' id='word_1_71' title='bbox 726 1134 745 1175; x_wconf 90' lang='lat' dir='ltr'>a</span> <span class='ocrx_word' id='word_1_72' title='bbox 767 1111 870 1176; x_wconf 90' lang='lat' dir='ltr'>scriba</span> <span class='ocrx_word' id='word_1_73' title='bbox 891 1110 1001 1196; x_wconf 89' lang='lat' dir='ltr'>primo,</span> <span class='ocrx_word' id='word_1_74' title='bbox 1026 1131 1086 1196; x_wconf 92' lang='lat' dir='ltr'>quo</span> <span class='ocrx_word' id='word_1_75' title='bbox 1102 1109 1228 1174; x_wconf 90' lang='lat' dir='ltr'>initium</span> <span class='ocrx_word' id='word_1_76' title='bbox 1245 1109 1451 1195; x_wconf 86' lang='lat' dir='ltr'>deperditum,</span> <span class='ocrx_word' id='word_1_77' title='bbox 1474 1110 1501 1174; x_wconf 92' lang='lat' dir='ltr'>si</span> <span class='ocrx_word' id='word_1_78' title='bbox 1517 1130 1658 1194; x_wconf 90' lang='lat' dir='ltr'>unquam</span> 
     </span>
     <span class='ocr_line' id='line_1_9' title="bbox 287 1212 1659 1298; baseline 0.001 -23"><span class='ocrx_word' id='word_1_79' title='bbox 287 1212 483 1296; x_wconf 84' lang='lat' dir='ltr'>reperiretur,</span> <span class='ocrx_word' id='word_1_80' title='bbox 522 1213 679 1278; x_wconf 90' lang='lat' dir='ltr'>insereret.</span> <span class='ocrx_word' id='word_1_81' title='bbox 739 1214 867 1278; x_wconf 88' lang='lat' dir='ltr'>lacunas</span> <span class='ocrx_word' id='word_1_82' title='bbox 904 1212 1000 1277; x_wconf 91' lang='lat' dir='ltr'>etiam</span> <span class='ocrx_word' id='word_1_83' title='bbox 1039 1212 1114 1276; x_wconf 92' lang='lat' dir='ltr'>alibi</span> <span class='ocrx_word' id='word_1_84' title='bbox 1152 1232 1218 1277; x_wconf 90' lang='lat' dir='ltr'>esse</span> <span class='ocrx_word' id='word_1_85' title='bbox 1257 1212 1311 1276; x_wconf 90' lang='lat' dir='ltr'>nbi</span> <span class='ocrx_word' id='word_1_86' title='bbox 1350 1212 1521 1277; x_wconf 79' lang='lat' dir='ltr'>exciderint</span> <span class='ocrx_word' id='word_1_87' title='bbox 1555 1222 1659 1298; x_wconf 88' lang='lat' dir='ltr'>partes</span> 
     </span>
     <span class='ocr_line' id='line_1_10' title="bbox 287 1315 1658 1402; baseline 0.001 -23"><span class='ocrx_word' id='word_1_88' title='bbox 287 1315 478 1381; x_wconf 86' lang='lat' dir='ltr'>Aristotelici</span> <span class='ocrx_word' id='word_1_89' title='bbox 516 1316 616 1402; x_wconf 90' lang='lat' dir='ltr'>operis</span> <span class='ocrx_word' id='word_1_90' title='bbox 653 1316 803 1402; x_wconf 89' lang='lat' dir='ltr'>suspicati</span> <span class='ocrx_word' id='word_1_91' title='bbox 836 1324 910 1381; x_wconf 91' lang='lat' dir='ltr'>sunt</span> <span class='ocrx_word' id='word_1_92' title='bbox 925 1316 1083 1396; x_wconf 88' lang='lat' dir='ltr'>nonnulli,</span> <span class='ocrx_word' id='word_1_93' title='bbox 1120 1336 1177 1380; x_wconf 91' lang='lat' dir='ltr'>nec</span> <span class='ocrx_word' id='word_1_94' title='bbox 1213 1323 1318 1380; x_wconf 90' lang='lat' dir='ltr'>tamen</span> <span class='ocrx_word' id='word_1_95' title='bbox 1352 1315 1428 1380; x_wconf 91' lang='lat' dir='ltr'>satis</span> <span class='ocrx_word' id='word_1_96' title='bbox 1463 1315 1658 1381; x_wconf 74' lang='lat' dir='ltr'>demonstra</span> 
     </span>
     <span class='ocr_line' id='line_1_11' title="bbox 286 1427 408 1485; baseline -0.016 0"><span class='ocrx_word' id='word_1_97' title='bbox 286 1427 408 1485; x_wconf 86' lang='lat' dir='ltr'>verunt.</span> 
     </span>
    </p>

    <p class='ocr_par' dir='ltr' id='par_1_3' title="bbox 172 1514 1675 4288">
     <span class='ocr_line' id='line_1_12' title="bbox 172 1514 1658 1613; baseline -0.002 -20"><span class='ocrx_word' id='word_1_98' title='bbox 172 1514 271 1613; x_wconf 51' lang='lat' dir='ltr'>Lpgpr</span> <span class='ocrx_word' id='word_1_99' title='bbox 372 1523 423 1588; x_wconf 85' lang='lat' dir='ltr'>Ad</span> <span class='ocrx_word' id='word_1_100' title='bbox 451 1525 616 1610; x_wconf 86' lang='lat' dir='ltr'>scriptores</span> <span class='ocrx_word' id='word_1_101' title='bbox 642 1524 785 1589; x_wconf 87' lang='lat' dir='ltr'>librarios</span> <span class='ocrx_word' id='word_1_102' title='bbox 812 1524 963 1607; x_wconf 89' lang='lat' dir='ltr'>venimus,</span> <span class='ocrx_word' id='word_1_103' title='bbox 993 1524 1045 1609; x_wconf 91' lang='lat' dir='ltr'>qui</span> <span class='ocrx_word' id='word_1_104' title='bbox 1073 1545 1202 1590; x_wconf 91' lang='lat' dir='ltr'>numero</span> <span class='ocrx_word' id='word_1_105' title='bbox 1231 1532 1305 1588; x_wconf 88' lang='lat' dir='ltr'>suut</span> <span class='ocrx_word' id='word_1_106' title='bbox 1332 1531 1487 1609; x_wconf 90' lang='lat' dir='ltr'>quattuor.</span> <span class='ocrx_word' id='word_1_107' title='bbox 1539 1524 1658 1611; x_wconf 90' lang='lat' dir='ltr'>primus</span> 
     </span>
     <span class='ocr_line' id='line_1_13' title="bbox 287 1628 1658 1713; baseline 0 -20"><span class='ocrx_word' id='word_1_108' title='bbox 287 1628 397 1713; x_wconf 89' lang='lat' dir='ltr'>(quem</span> <span class='ocrx_word' id='word_1_109' title='bbox 419 1628 457 1693; x_wconf 84' lang='lat' dir='ltr'>L1</span> <span class='ocrx_word' id='word_1_110' title='bbox 479 1630 513 1695; x_wconf 93' lang='lat' dir='ltr'>in</span> <span class='ocrx_word' id='word_1_111' title='bbox 536 1628 790 1694; x_wconf 88' lang='lat' dir='ltr'>adnotationibus</span> <span class='ocrx_word' id='word_1_112' title='bbox 810 1629 974 1713; x_wconf 90' lang='lat' dir='ltr'>vocamus)</span> <span class='ocrx_word' id='word_1_113' title='bbox 999 1628 1143 1693; x_wconf 88' lang='lat' dir='ltr'>volumen</span> <span class='ocrx_word' id='word_1_114' title='bbox 1167 1629 1305 1713; x_wconf 91' lang='lat' dir='ltr'>primum</span> <span class='ocrx_word' id='word_1_115' title='bbox 1327 1635 1427 1694; x_wconf 91' lang='lat' dir='ltr'>totum</span> <span class='ocrx_word' id='word_1_116' title='bbox 1451 1628 1658 1713; x_wconf 88' lang='lat' dir='ltr'>transcripsit,</span> 
     </span>
     <span class='ocr_line' id='line_1_14' title="bbox 286 1732 1658 1818; baseline -0.001 -20"><span class='ocrx_word' id='word_1_117' title='bbox 286 1732 433 1818; x_wconf 89' lang='lat' dir='ltr'>idemque</span> <span class='ocrx_word' id='word_1_118' title='bbox 459 1733 605 1818; x_wconf 88' lang='lat' dir='ltr'>paginam</span> <span class='ocrx_word' id='word_1_119' title='bbox 630 1733 765 1817; x_wconf 90' lang='lat' dir='ltr'>primam</span> <span class='ocrx_word' id='word_1_120' title='bbox 791 1732 824 1796; x_wconf 92' lang='lat' dir='ltr'>iu</span> <span class='ocrx_word' id='word_1_121' title='bbox 846 1732 1006 1798; x_wconf 86' lang='lat' dir='ltr'>volumine</span> <span class='ocrx_word' id='word_1_122' title='bbox 1034 1733 1141 1810; x_wconf 85' lang='lat' dir='ltr'>altero,</span> <span class='ocrx_word' id='word_1_123' title='bbox 1171 1733 1323 1818; x_wconf 87' lang='lat' dir='ltr'>scriptura</span> <span class='ocrx_word' id='word_1_124' title='bbox 1352 1733 1404 1798; x_wconf 91' lang='lat' dir='ltr'>ille</span> <span class='ocrx_word' id='word_1_125' title='bbox 1432 1752 1507 1797; x_wconf 91' lang='lat' dir='ltr'>usus</span> <span class='ocrx_word' id='word_1_126' title='bbox 1534 1733 1658 1797; x_wconf 87' lang='lat' dir='ltr'>minuta</span> 
     </span>
     <span class='ocr_line' id='line_1_15' title="bbox 287 1835 1656 1931; baseline -0.001 -30"><span class='ocrx_word' id='word_1_127' title='bbox 287 1836 341 1901; x_wconf 91' lang='lat' dir='ltr'>sed</span> <span class='ocrx_word' id='word_1_128' title='bbox 364 1836 511 1901; x_wconf 89' lang='lat' dir='ltr'>crassiore</span> <span class='ocrx_word' id='word_1_129' title='bbox 539 1836 605 1901; x_wconf 90' lang='lat' dir='ltr'>eius</span> <span class='ocrx_word' id='word_1_130' title='bbox 633 1836 752 1919; x_wconf 87' lang='lat' dir='ltr'>generis</span> <span class='ocrx_word' id='word_1_131' title='bbox 780 1835 862 1919; x_wconf 93' lang='lat' dir='ltr'>quod</span> <span class='ocrx_word' id='word_1_132' title='bbox 889 1835 1046 1900; x_wconf 87' lang='lat' dir='ltr'>cursivum</span> <span class='ocrx_word' id='word_1_133' title='bbox 1074 1845 1286 1921; x_wconf 87' lang='lat' dir='ltr'>nuncupatur,</span> <span class='ocrx_word' id='word_1_134' title='bbox 1315 1836 1424 1901; x_wconf 91' lang='lat' dir='ltr'>multis</span> <span class='ocrx_word' id='word_1_135' title='bbox 1454 1835 1656 1931; x_wconf 75' lang='lat' dir='ltr'>compendiis,</span> 
     </span>
     <span class='ocr_line' id='line_1_16' title="bbox 287 1937 1657 2024; baseline 0 -22"><span class='ocrx_word' id='word_1_136' title='bbox 287 1938 325 2003; x_wconf 91' lang='lat' dir='ltr'>de</span> <span class='ocrx_word' id='word_1_137' title='bbox 353 1938 466 2024; x_wconf 91' lang='lat' dir='ltr'>quibus</span> <span class='ocrx_word' id='word_1_138' title='bbox 492 1938 574 2003; x_wconf 91' lang='lat' dir='ltr'>infra</span> <span class='ocrx_word' id='word_1_139' title='bbox 601 1937 795 2002; x_wconf 88' lang='lat' dir='ltr'>tractabitur.</span> <span class='ocrx_word' id='word_1_140' title='bbox 841 1959 958 2002; x_wconf 88' lang='lat' dir='ltr'>errores</span> <span class='ocrx_word' id='word_1_141' title='bbox 985 1938 1051 2023; x_wconf 90' lang='lat' dir='ltr'>ipse</span> <span class='ocrx_word' id='word_1_142' title='bbox 1074 1959 1144 2002; x_wconf 90' lang='lat' dir='ltr'>suos</span> <span class='ocrx_word' id='word_1_143' title='bbox 1167 1939 1359 2024; x_wconf 86' lang='lat' dir='ltr'>plerumque</span> <span class='ocrx_word' id='word_1_144' title='bbox 1372 1941 1515 2013; x_wconf 84' lang='lat' dir='ltr'>correxit,</span> <span class='ocrx_word' id='word_1_145' title='bbox 1545 1960 1657 2024; x_wconf 90' lang='lat' dir='ltr'>neque,</span> 
     </span>
     <span class='ocr_line' id='line_1_17' title="bbox 287 2041 1656 2127; baseline 0 -21"><span class='ocrx_word' id='word_1_146' title='bbox 287 2042 370 2127; x_wconf 90' lang='lat' dir='ltr'>quod</span> <span class='ocrx_word' id='word_1_147' title='bbox 396 2042 549 2122; x_wconf 67' lang='lat' dir='ltr'>videmus</span> <span class='ocrx_word' id='word_1_148' title='bbox 581 2042 697 2106; x_wconf 89' lang='lat' dir='ltr'>multos</span> <span class='ocrx_word' id='word_1_149' title='bbox 725 2042 851 2106; x_wconf 92' lang='lat' dir='ltr'>omnino</span> <span class='ocrx_word' id='word_1_150' title='bbox 879 2041 964 2121; x_wconf 82' lang='lat' dir='ltr'>fecit3</span> <span class='ocrx_word' id='word_1_151' title='bbox 1002 2063 1066 2106; x_wconf 92' lang='lat' dir='ltr'>non</span> <span class='ocrx_word' id='word_1_152' title='bbox 1096 2042 1241 2108; x_wconf 92' lang='lat' dir='ltr'>indoctus</span> <span class='ocrx_word' id='word_1_153' title='bbox 1274 2044 1357 2109; x_wconf 95' lang='lat' dir='ltr'>enim</span> <span class='ocrx_word' id='word_1_154' title='bbox 1394 2042 1490 2108; x_wconf 90' lang='lat' dir='ltr'>fuisse</span> <span class='ocrx_word' id='word_1_155' title='bbox 1523 2042 1656 2124; x_wconf 89' lang='lat' dir='ltr'>videtur,</span> 
     </span>
     <span class='ocr_line' id='line_1_18' title="bbox 286 2145 1658 2231; baseline 0 -21"><span class='ocrx_word' id='word_1_156' title='bbox 286 2145 359 2210; x_wconf 91' lang='lat' dir='ltr'>licet</span> <span class='ocrx_word' id='word_1_157' title='bbox 381 2146 483 2211; x_wconf 92' lang='lat' dir='ltr'>scriba</span> <span class='ocrx_word' id='word_1_158' title='bbox 505 2146 624 2231; x_wconf 89' lang='lat' dir='ltr'>peritus</span> <span class='ocrx_word' id='word_1_159' title='bbox 648 2168 710 2210; x_wconf 92' lang='lat' dir='ltr'>non</span> <span class='ocrx_word' id='word_1_160' title='bbox 732 2145 834 2210; x_wconf 84' lang='lat' dir='ltr'>luerit.</span> <span class='ocrx_word' id='word_1_161' title='bbox 879 2145 937 2210; x_wconf 90' lang='lat' dir='ltr'>sub</span> <span class='ocrx_word' id='word_1_162' title='bbox 960 2146 1054 2210; x_wconf 90' lang='lat' dir='ltr'>finem</span> <span class='ocrx_word' id='word_1_163' title='bbox 1078 2153 1183 2210; x_wconf 90' lang='lat' dir='ltr'>autern</span> <span class='ocrx_word' id='word_1_164' title='bbox 1206 2168 1322 2213; x_wconf 90' lang='lat' dir='ltr'>errores</span> <span class='ocrx_word' id='word_1_165' title='bbox 1341 2146 1507 2213; x_wconf 90' lang='lat' dir='ltr'>nonnullos</span> <span class='ocrx_word' id='word_1_166' title='bbox 1524 2147 1658 2211; x_wconf 82' lang='lat' dir='ltr'>correxit</span> 
     </span>
     <span class='ocr_line' id='line_1_19' title="bbox 286 2248 1656 2335; baseline -0.001 -19"><span class='ocrx_word' id='word_1_167' title='bbox 286 2259 318 2316; x_wconf 89' lang='lat' dir='ltr'>et</span> <span class='ocrx_word' id='word_1_168' title='bbox 339 2250 460 2315; x_wconf 85' lang='lat' dir='ltr'>litteras</span> <span class='ocrx_word' id='word_1_169' title='bbox 482 2250 564 2314; x_wconf 89' lang='lat' dir='ltr'>male</span> <span class='ocrx_word' id='word_1_170' title='bbox 591 2250 741 2313; x_wconf 89' lang='lat' dir='ltr'>formatas</span> <span class='ocrx_word' id='word_1_171' title='bbox 768 2248 925 2332; x_wconf 87' lang='lat' dir='ltr'>rescripsit</span> <span class='ocrx_word' id='word_1_172' title='bbox 949 2248 1045 2312; x_wconf 87' lang='lat' dir='ltr'>etiam</span> <span class='ocrx_word' id='word_1_173' title='bbox 1074 2249 1176 2313; x_wconf 89' lang='lat' dir='ltr'>scriba</span> <span class='ocrx_word' id='word_1_174' title='bbox 1197 2256 1327 2334; x_wconf 90' lang='lat' dir='ltr'>quartus</span> <span class='ocrx_word' id='word_1_175' title='bbox 1349 2250 1426 2332; x_wconf 66' lang='lat' dir='ltr'>(m).</span> <span class='ocrx_word' id='word_1_176' title='bbox 1476 2249 1555 2314; x_wconf 89' lang='lat' dir='ltr'>alter</span> <span class='ocrx_word' id='word_1_177' title='bbox 1578 2251 1656 2335; x_wconf 84' lang='lat' dir='ltr'>(L²),</span> 
     </span>
     <span class='ocr_line' id='line_1_20' title="bbox 287 2351 1675 2441; baseline 0.002 -23"><span class='ocrx_word' id='word_1_178' title='bbox 287 2354 341 2441; x_wconf 92' lang='lat' dir='ltr'>qui</span> <span class='ocrx_word' id='word_1_179' title='bbox 363 2353 492 2441; x_wconf 88' lang='lat' dir='ltr'>paginas</span> <span class='ocrx_word' id='word_1_180' title='bbox 514 2361 636 2437; x_wconf 86' lang='lat' dir='ltr'>septem</span> <span class='ocrx_word' id='word_1_181' title='bbox 658 2361 689 2417; x_wconf 90' lang='lat' dir='ltr'>et</span> <span class='ocrx_word' id='word_1_182' title='bbox 711 2351 874 2417; x_wconf 88' lang='lat' dir='ltr'>dimidiam</span> <span class='ocrx_word' id='word_1_183' title='bbox 890 2352 1046 2434; x_wconf 78' lang='lat'>(13-20)</span> <span class='ocrx_word' id='word_1_184' title='bbox 1068 2353 1202 2438; x_wconf 88' lang='lat' dir='ltr'>scripsit,</span> <span class='ocrx_word' id='word_1_185' title='bbox 1226 2353 1342 2417; x_wconf 89' lang='lat' dir='ltr'>unciali</span> <span class='ocrx_word' id='word_1_186' title='bbox 1358 2353 1531 2438; x_wconf 88' lang='lat' dir='ltr'>scripturae</span> <span class='ocrx_word' id='word_1_187' title='bbox 1547 2375 1675 2436; x_wconf 70' lang='lat' dir='ltr'>genere,</span> 
     </span>
     <span class='ocr_line' id='line_1_21' title="bbox 286 2456 1656 2542; baseline -0.001 -19"><span class='ocrx_word' id='word_1_188' title='bbox 286 2459 394 2542; x_wconf 87' lang='lat' dir='ltr'>utitur,</span> <span class='ocrx_word' id='word_1_189' title='bbox 418 2457 643 2541; x_wconf 83' lang='lat' dir='ltr'>magnitudinis</span> <span class='ocrx_word' id='word_1_190' title='bbox 665 2456 840 2539; x_wconf 84' lang='lat' dir='ltr'>mediocria,</span> <span class='ocrx_word' id='word_1_191' title='bbox 865 2457 934 2521; x_wconf 88' lang='lat' dir='ltr'>visu</span> <span class='ocrx_word' id='word_1_192' title='bbox 958 2479 1020 2521; x_wconf 91' lang='lat' dir='ltr'>uon</span> <span class='ocrx_word' id='word_1_193' title='bbox 1043 2456 1223 2537; x_wconf 83' lang='lat' dir='ltr'>iniucunda,</span> <span class='ocrx_word' id='word_1_194' title='bbox 1251 2456 1306 2521; x_wconf 91' lang='lat' dir='ltr'>sed</span> <span class='ocrx_word' id='word_1_195' title='bbox 1328 2457 1483 2522; x_wconf 91' lang='lat' dir='ltr'>erroribus</span> <span class='ocrx_word' id='word_1_196' title='bbox 1507 2466 1656 2539; x_wconf 91' lang='lat' dir='ltr'>scatente,</span> 
     </span>
     <span class='ocr_line' id='line_1_22' title="bbox 286 2560 1657 2649; baseline 0.001 -23"><span class='ocrx_word' id='word_1_197' title='bbox 286 2562 451 2649; x_wconf 87' lang='lat' dir='ltr'>praecipue</span> <span class='ocrx_word' id='word_1_198' title='bbox 484 2561 519 2625; x_wconf 94' lang='lat' dir='ltr'>in</span> <span class='ocrx_word' id='word_1_199' title='bbox 552 2560 778 2645; x_wconf 89' lang='lat' dir='ltr'>orthographia.</span> <span class='ocrx_word' id='word_1_200' title='bbox 836 2561 1013 2625; x_wconf 90' lang='lat' dir='ltr'>correctoris</span> <span class='ocrx_word' id='word_1_201' title='bbox 1047 2582 1137 2645; x_wconf 89' lang='lat' dir='ltr'>opere</span> <span class='ocrx_word' id='word_1_202' title='bbox 1166 2562 1291 2625; x_wconf 88' lang='lat' dir='ltr'>functus</span> <span class='ocrx_word' id='word_1_203' title='bbox 1318 2569 1366 2625; x_wconf 90' lang='lat' dir='ltr'>est</span> <span class='ocrx_word' id='word_1_204' title='bbox 1395 2561 1496 2626; x_wconf 89' lang='lat' dir='ltr'>scriba</span> <span class='ocrx_word' id='word_1_205' title='bbox 1528 2571 1657 2646; x_wconf 88' lang='lat' dir='ltr'>quartus</span> 
     </span>
     <span class='ocr_line' id='line_1_23' title="bbox 286 2663 1656 2751; baseline 0.001 -21"><span class='ocrx_word' id='word_1_206' title='bbox 286 2667 365 2751; x_wconf 67' lang='lat' dir='ltr'>(v),</span> <span class='ocrx_word' id='word_1_207' title='bbox 393 2666 445 2751; x_wconf 92' lang='lat' dir='ltr'>qui</span> <span class='ocrx_word' id='word_1_208' title='bbox 473 2664 588 2730; x_wconf 90' lang='lat' dir='ltr'>menda</span> <span class='ocrx_word' id='word_1_209' title='bbox 614 2664 770 2749; x_wconf 90' lang='lat' dir='ltr'>permulta</span> <span class='ocrx_word' id='word_1_210' title='bbox 796 2663 938 2743; x_wconf 88' lang='lat' dir='ltr'>sustulit,</span> <span class='ocrx_word' id='word_1_211' title='bbox 971 2664 1122 2728; x_wconf 92' lang='lat' dir='ltr'>nonnulla</span> <span class='ocrx_word' id='word_1_212' title='bbox 1154 2673 1260 2728; x_wconf 89' lang='lat' dir='ltr'>tamen</span> <span class='ocrx_word' id='word_1_213' title='bbox 1294 2663 1430 2748; x_wconf 90' lang='lat' dir='ltr'>reliquit.</span> <span class='ocrx_word' id='word_1_214' title='bbox 1486 2664 1520 2729; x_wconf 92' lang='lat' dir='ltr'>in</span> <span class='ocrx_word' id='word_1_215' title='bbox 1553 2666 1656 2731; x_wconf 90' lang='lat' dir='ltr'>medio</span> 
     </span>
     <span class='ocr_line' id='line_1_24' title="bbox 285 2766 1659 2858; baseline 0.001 -25"><span class='ocrx_word' id='word_1_216' title='bbox 285 2771 416 2858; x_wconf 88' lang='lat' dir='ltr'>paginae</span> <span class='ocrx_word' id='word_1_217' title='bbox 444 2768 609 2834; x_wconf 90' lang='lat' dir='ltr'>vicesimae</span> <span class='ocrx_word' id='word_1_218' title='bbox 642 2789 718 2852; x_wconf 90' lang='lat' dir='ltr'>opus</span> <span class='ocrx_word' id='word_1_219' title='bbox 743 2767 855 2854; x_wconf 91' lang='lat' dir='ltr'>incipit</span> <span class='ocrx_word' id='word_1_220' title='bbox 882 2766 983 2832; x_wconf 91' lang='lat' dir='ltr'>scriba</span> <span class='ocrx_word' id='word_1_221' title='bbox 1010 2768 1121 2832; x_wconf 90' lang='lat' dir='ltr'>tertius</span> <span class='ocrx_word' id='word_1_222' title='bbox 1149 2766 1228 2851; x_wconf 66' lang='lat' dir='ltr'>(ff),</span> <span class='ocrx_word' id='word_1_223' title='bbox 1258 2768 1312 2852; x_wconf 92' lang='lat' dir='ltr'>qui</span> <span class='ocrx_word' id='word_1_224' title='bbox 1342 2776 1462 2852; x_wconf 89' lang='lat' dir='ltr'>partem</span> <span class='ocrx_word' id='word_1_225' title='bbox 1489 2769 1659 2835; x_wconf 88' lang='lat' dir='ltr'>voluminis</span> 
     </span>
     <span class='ocr_line' id='line_1_25' title="bbox 287 2871 1657 2960; baseline -0.001 -21"><span class='ocrx_word' id='word_1_226' title='bbox 287 2873 414 2940; x_wconf 89' lang='lat' dir='ltr'>alterius</span> <span class='ocrx_word' id='word_1_227' title='bbox 428 2874 495 2960; x_wconf 88' lang='lat' dir='ltr'>(pp.</span> <span class='ocrx_word' id='word_1_228' title='bbox 506 2872 649 2954; x_wconf 77' lang='lat'>20-24)</span> <span class='ocrx_word' id='word_1_229' title='bbox 665 2872 807 2951; x_wconf 84' lang='lat' dir='ltr'>coniecit,</span> <span class='ocrx_word' id='word_1_230' title='bbox 830 2871 975 2955; x_wconf 89' lang='lat' dir='ltr'>idemque</span> <span class='ocrx_word' id='word_1_231' title='bbox 998 2879 1099 2936; x_wconf 90' lang='lat' dir='ltr'>totum</span> <span class='ocrx_word' id='word_1_232' title='bbox 1116 2872 1260 2937; x_wconf 90' lang='lat' dir='ltr'>volumen</span> <span class='ocrx_word' id='word_1_233' title='bbox 1284 2880 1432 2955; x_wconf 89' lang='lat' dir='ltr'>quartum</span> <span class='ocrx_word' id='word_1_234' title='bbox 1449 2874 1657 2960; x_wconf 88' lang='lat' dir='ltr'>transcripsit.</span> 
     </span>
     <span class='ocr_line' id='line_1_26' title="bbox 286 2975 1656 3063; baseline 0 -19"><span class='ocrx_word' id='word_1_235' title='bbox 286 2987 317 3044; x_wconf 93' lang='lat' dir='ltr'>et</span> <span class='ocrx_word' id='word_1_236' title='bbox 348 2978 398 3043; x_wconf 93' lang='lat' dir='ltr'>hic</span> <span class='ocrx_word' id='word_1_237' title='bbox 427 2976 553 3063; x_wconf 92' lang='lat' dir='ltr'>quidem</span> <span class='ocrx_word' id='word_1_238' title='bbox 580 2975 733 3061; x_wconf 90' lang='lat' dir='ltr'>scriptura</span> <span class='ocrx_word' id='word_1_239' title='bbox 766 2975 865 3039; x_wconf 90' lang='lat' dir='ltr'>utitur</span> <span class='ocrx_word' id='word_1_240' title='bbox 897 2975 1055 3039; x_wconf 89' lang='lat' dir='ltr'>interdum</span> <span class='ocrx_word' id='word_1_241' title='bbox 1088 2975 1214 3058; x_wconf 86' lang='lat' dir='ltr'>unciali,</span> <span class='ocrx_word' id='word_1_242' title='bbox 1249 2996 1354 3040; x_wconf 90' lang='lat' dir='ltr'>crassa</span> <span class='ocrx_word' id='word_1_243' title='bbox 1387 2984 1481 3061; x_wconf 91' lang='lat' dir='ltr'>atque</span> <span class='ocrx_word' id='word_1_244' title='bbox 1516 2976 1656 3063; x_wconf 80' lang='lat' dir='ltr'>deformi,</span> 
     </span>
     <span class='ocr_line' id='line_1_27' title="bbox 286 3078 1659 3167; baseline -0.001 -20"><span class='ocrx_word' id='word_1_245' title='bbox 286 3082 410 3167; x_wconf 89' lang='lat' dir='ltr'>saepius</span> <span class='ocrx_word' id='word_1_246' title='bbox 426 3088 531 3146; x_wconf 89' lang='lat' dir='ltr'>autem</span> <span class='ocrx_word' id='word_1_247' title='bbox 547 3079 679 3159; x_wconf 85' lang='lat' dir='ltr'>cursiva,</span> <span class='ocrx_word' id='word_1_248' title='bbox 702 3079 788 3143; x_wconf 90' lang='lat' dir='ltr'>tenui</span> <span class='ocrx_word' id='word_1_249' title='bbox 805 3086 836 3143; x_wconf 91' lang='lat' dir='ltr'>et</span> <span class='ocrx_word' id='word_1_250' title='bbox 851 3078 969 3163; x_wconf 89' lang='lat' dir='ltr'>rapida,</span> <span class='ocrx_word' id='word_1_251' title='bbox 992 3079 1038 3143; x_wconf 92' lang='lat' dir='ltr'>ita</span> <span class='ocrx_word' id='word_1_252' title='bbox 1053 3087 1088 3143; x_wconf 92' lang='lat' dir='ltr'>ut</span> <span class='ocrx_word' id='word_1_253' title='bbox 1104 3100 1329 3163; x_wconf 88' lang='lat' dir='ltr'>nonnunquam</span> <span class='ocrx_word' id='word_1_254' title='bbox 1345 3080 1441 3144; x_wconf 86' lang='lat' dir='ltr'>verba</span> <span class='ocrx_word' id='word_1_255' title='bbox 1458 3080 1511 3144; x_wconf 83' lang='lat' dir='ltr'>vix</span> <span class='ocrx_word' id='word_1_256' title='bbox 1527 3081 1659 3166; x_wconf 88' lang='lat' dir='ltr'>legenda</span> 
     </span>
     <span class='ocr_line' id='line_1_28' title="bbox 286 3182 1658 3270; baseline 0 -20"><span class='ocrx_word' id='word_1_257' title='bbox 286 3186 358 3250; x_wconf 88' lang='lat' dir='ltr'>sint.</span> <span class='ocrx_word' id='word_1_258' title='bbox 405 3184 488 3270; x_wconf 92' lang='lat' dir='ltr'>quod</span> <span class='ocrx_word' id='word_1_259' title='bbox 509 3205 582 3248; x_wconf 93' lang='lat' dir='ltr'>cum</span> <span class='ocrx_word' id='word_1_260' title='bbox 603 3182 776 3262; x_wconf 88' lang='lat' dir='ltr'>accidisset,</span> <span class='ocrx_word' id='word_1_261' title='bbox 800 3202 892 3268; x_wconf 90' lang='lat' dir='ltr'>saepe</span> <span class='ocrx_word' id='word_1_262' title='bbox 915 3183 1017 3247; x_wconf 90' lang='lat' dir='ltr'>scriba</span> <span class='ocrx_word' id='word_1_263' title='bbox 1039 3192 1168 3269; x_wconf 88' lang='lat' dir='ltr'>quartus</span> <span class='ocrx_word' id='word_1_264' title='bbox 1184 3183 1293 3247; x_wconf 90' lang='lat' dir='ltr'>eadem</span> <span class='ocrx_word' id='word_1_265' title='bbox 1310 3184 1405 3248; x_wconf 90' lang='lat' dir='ltr'>verba</span> <span class='ocrx_word' id='word_1_266' title='bbox 1419 3183 1532 3248; x_wconf 90' lang='lat' dir='ltr'>melius</span> <span class='ocrx_word' id='word_1_267' title='bbox 1548 3206 1658 3270; x_wconf 93' lang='lat' dir='ltr'>super-</span> 
     </span>
     <span class='ocr_line' id='line_1_29' title="bbox 286 3287 1657 3374; baseline 0.001 -20"><span class='ocrx_word' id='word_1_268' title='bbox 286 3289 419 3374; x_wconf 90' lang='lat' dir='ltr'>scripsit,</span> <span class='ocrx_word' id='word_1_269' title='bbox 453 3287 599 3373; x_wconf 90' lang='lat' dir='ltr'>idemque</span> <span class='ocrx_word' id='word_1_270' title='bbox 633 3307 750 3352; x_wconf 89' lang='lat' dir='ltr'>errores</span> <span class='ocrx_word' id='word_1_271' title='bbox 783 3287 949 3351; x_wconf 91' lang='lat' dir='ltr'>nonnullos</span> <span class='ocrx_word' id='word_1_272' title='bbox 981 3288 1119 3352; x_wconf 89' lang='lat' dir='ltr'>sustulit.</span> <span class='ocrx_word' id='word_1_273' title='bbox 1175 3287 1322 3352; x_wconf 89' lang='lat' dir='ltr'>volumen</span> <span class='ocrx_word' id='word_1_274' title='bbox 1357 3287 1492 3372; x_wconf 90' lang='lat' dir='ltr'>denique</span> <span class='ocrx_word' id='word_1_275' title='bbox 1527 3289 1657 3354; x_wconf 90' lang='lat' dir='ltr'>tertium</span> 
     </span>
     <span class='ocr_line' id='line_1_30' title="bbox 287 3391 1658 3478; baseline 0 -21"><span class='ocrx_word' id='word_1_276' title='bbox 287 3394 378 3458; x_wconf 87' lang='lat' dir='ltr'>huius</span> <span class='ocrx_word' id='word_1_277' title='bbox 408 3392 527 3456; x_wconf 90' lang='lat' dir='ltr'>scribae</span> <span class='ocrx_word' id='word_1_278' title='bbox 554 3391 623 3474; x_wconf 82' lang='lat' dir='ltr'><strong>(L⁴)</strong></span> <span class='ocrx_word' id='word_1_279' title='bbox 656 3397 758 3455; x_wconf 91' lang='lat' dir='ltr'>totum</span> <span class='ocrx_word' id='word_1_280' title='bbox 791 3399 837 3454; x_wconf 89' lang='lat' dir='ltr'>est</span> <span class='ocrx_word' id='word_1_281' title='bbox 872 3411 958 3475; x_wconf 90' lang='lat' dir='ltr'>opus,</span> <span class='ocrx_word' id='word_1_282' title='bbox 993 3391 1046 3474; x_wconf 90' lang='lat' dir='ltr'>qui</span> <span class='ocrx_word' id='word_1_283' title='bbox 1075 3392 1180 3455; x_wconf 89' lang='lat' dir='ltr'>omnia</span> <span class='ocrx_word' id='word_1_284' title='bbox 1206 3391 1402 3476; x_wconf 90' lang='lat' dir='ltr'>transcripsit</span> <span class='ocrx_word' id='word_1_285' title='bbox 1433 3399 1465 3455; x_wconf 93' lang='lat' dir='ltr'>et</span> <span class='ocrx_word' id='word_1_286' title='bbox 1490 3412 1563 3456; x_wconf 91' lang='lat' dir='ltr'>suos</span> <span class='ocrx_word' id='word_1_287' title='bbox 1591 3392 1658 3478; x_wconf 94' lang='lat' dir='ltr'>ipse</span> 
     </span>
     <span class='ocr_line' id='line_1_31' title="bbox 287 3494 1658 3580; baseline 0.001 -20"><span class='ocrx_word' id='word_1_288' title='bbox 287 3517 404 3567; x_wconf 87' lang='lat' dir='ltr'>errores</span> <span class='ocrx_word' id='word_1_289' title='bbox 431 3495 573 3560; x_wconf 84' lang='lat' dir='ltr'>correxit.</span> <span class='ocrx_word' id='word_1_290' title='bbox 623 3494 776 3578; x_wconf 91' lang='lat' dir='ltr'>scriptura</span> <span class='ocrx_word' id='word_1_291' title='bbox 802 3515 899 3578; x_wconf 90' lang='lat' dir='ltr'>parva</span> <span class='ocrx_word' id='word_1_292' title='bbox 926 3503 958 3559; x_wconf 91' lang='lat' dir='ltr'>et</span> <span class='ocrx_word' id='word_1_293' title='bbox 986 3495 1108 3558; x_wconf 84' lang='lat' dir='ltr'>cursivo</span> <span class='ocrx_word' id='word_1_294' title='bbox 1135 3502 1190 3578; x_wconf 88' lang='lat' dir='ltr'>est,</span> <span class='ocrx_word' id='word_1_295' title='bbox 1219 3495 1327 3559; x_wconf 91' lang='lat' dir='ltr'>manui</span> <span class='ocrx_word' id='word_1_296' title='bbox 1355 3495 1474 3580; x_wconf 92' lang='lat' dir='ltr'>primae</span> <span class='ocrx_word' id='word_1_297' title='bbox 1501 3517 1564 3561; x_wconf 91' lang='lat' dir='ltr'>non</span> <span class='ocrx_word' id='word_1_298' title='bbox 1591 3495 1658 3561; x_wconf 90' lang='lat' dir='ltr'>dis·</span> 
     </span>
     <span class='ocr_line' id='line_1_32' title="bbox 286 3596 1658 3683; baseline 0.001 -19"><span class='ocrx_word' id='word_1_299' title='bbox 286 3599 408 3682; x_wconf 91' lang='lat' dir='ltr'>similis,</span> <span class='ocrx_word' id='word_1_300' title='bbox 436 3598 490 3663; x_wconf 90' lang='lat' dir='ltr'>sed</span> <span class='ocrx_word' id='word_1_301' title='bbox 513 3598 616 3662; x_wconf 93' lang='lat' dir='ltr'>minor</span> <span class='ocrx_word' id='word_1_302' title='bbox 638 3605 669 3661; x_wconf 94' lang='lat' dir='ltr'>et</span> <span class='ocrx_word' id='word_1_303' title='bbox 690 3596 825 3677; x_wconf 83' lang='lat' dir='ltr'>tenuior3</span> <span class='ocrx_word' id='word_1_304' title='bbox 855 3604 886 3661; x_wconf 92' lang='lat' dir='ltr'>et</span> <span class='ocrx_word' id='word_1_305' title='bbox 909 3619 1089 3682; x_wconf 88' lang='lat' dir='ltr'>quanquam</span> <span class='ocrx_word' id='word_1_306' title='bbox 1112 3597 1305 3683; x_wconf 91' lang='lat' dir='ltr'>compendiis</span> <span class='ocrx_word' id='word_1_307' title='bbox 1333 3598 1517 3683; x_wconf 90' lang='lat' dir='ltr'>plerumque</span> <span class='ocrx_word' id='word_1_308' title='bbox 1545 3599 1658 3666; x_wconf 89' lang='lat' dir='ltr'>iisdem</span> 
     </span>
     <span class='ocr_line' id='line_1_33' title="bbox 286 3700 1658 3786; baseline 0.001 -17"><span class='ocrx_word' id='word_1_309' title='bbox 286 3704 396 3783; x_wconf 89' lang='lat' dir='ltr'>utitur,</span> <span class='ocrx_word' id='word_1_310' title='bbox 430 3723 493 3768; x_wconf 90' lang='lat' dir='ltr'>non</span> <span class='ocrx_word' id='word_1_311' title='bbox 521 3700 626 3765; x_wconf 90' lang='lat' dir='ltr'>omnia</span> <span class='ocrx_word' id='word_1_312' title='bbox 652 3700 768 3764; x_wconf 90' lang='lat' dir='ltr'>similia</span> <span class='ocrx_word' id='word_1_313' title='bbox 794 3709 867 3765; x_wconf 92' lang='lat' dir='ltr'>sunt</span> <span class='ocrx_word' id='word_1_314' title='bbox 877 3700 909 3784; x_wconf 89' lang='lat'>¹).</span> <span class='ocrx_word' id='word_1_315' title='bbox 965 3700 1048 3765; x_wconf 93' lang='lat' dir='ltr'>huuc</span> <span class='ocrx_word' id='word_1_316' title='bbox 1082 3708 1187 3765; x_wconf 88' lang='lat' dir='ltr'>autem</span> <span class='ocrx_word' id='word_1_317' title='bbox 1219 3701 1401 3786; x_wconf 90' lang='lat' dir='ltr'>scriptorem</span> <span class='ocrx_word' id='word_1_318' title='bbox 1429 3724 1498 3766; x_wconf 91' lang='lat' dir='ltr'>cum</span> <span class='ocrx_word' id='word_1_319' title='bbox 1526 3724 1658 3771; x_wconf 91' lang='lat' dir='ltr'>munere</span> 
     </span>
     <span class='ocr_line' id='line_1_34' title="bbox 286 3804 1657 3893; baseline 0 -21"><span class='ocrx_word' id='word_1_320' title='bbox 286 3806 464 3873; x_wconf 90' lang='lat' dir='ltr'>correctoris</span> <span class='ocrx_word' id='word_1_321' title='bbox 480 3827 535 3891; x_wconf 91' lang='lat' dir='ltr'>per</span> <span class='ocrx_word' id='word_1_322' title='bbox 549 3811 652 3869; x_wconf 91' lang='lat' dir='ltr'>totum</span> <span class='ocrx_word' id='word_1_323' title='bbox 668 3804 782 3869; x_wconf 92' lang='lat' dir='ltr'>librum</span> <span class='ocrx_word' id='word_1_324' title='bbox 800 3805 1039 3890; x_wconf 88' lang='lat' dir='ltr'>(nonuunquam</span> <span class='ocrx_word' id='word_1_325' title='bbox 1056 3804 1149 3868; x_wconf 90' lang='lat' dir='ltr'>etiam</span> <span class='ocrx_word' id='word_1_326' title='bbox 1166 3805 1197 3868; x_wconf 90' lang='lat' dir='ltr'>in</span> <span class='ocrx_word' id='word_1_327' title='bbox 1222 3804 1382 3889; x_wconf 89' lang='lat' dir='ltr'>provincia</span> <span class='ocrx_word' id='word_1_328' title='bbox 1404 3805 1523 3871; x_wconf 90' lang='lat' dir='ltr'>scribae</span> <span class='ocrx_word' id='word_1_329' title='bbox 1545 3808 1657 3893; x_wconf 90' lang='lat' dir='ltr'>primi)</span> 
     </span>
     <span class='ocr_line' id='line_1_35' title="bbox 285 3909 1656 3997; baseline 0 -20"><span class='ocrx_word' id='word_1_330' title='bbox 285 3912 372 3997; x_wconf 84' lang='lat' dir='ltr'>fungi</span> <span class='ocrx_word' id='word_1_331' title='bbox 390 3910 562 3988; x_wconf 86' lang='lat' dir='ltr'>videamus,</span> <span class='ocrx_word' id='word_1_332' title='bbox 585 3930 687 3994; x_wconf 92' lang='lat' dir='ltr'>neque</span> <span class='ocrx_word' id='word_1_333' title='bbox 710 3909 763 3994; x_wconf 93' lang='lat' dir='ltr'>qui</span> <span class='ocrx_word' id='word_1_334' title='bbox 786 3909 983 3994; x_wconf 90' lang='lat' dir='ltr'>scriptoriam</span> <span class='ocrx_word' id='word_1_335' title='bbox 1006 3915 1103 3973; x_wconf 85' lang='lat' dir='ltr'>artem</span> <span class='ocrx_word' id='word_1_336' title='bbox 1126 3909 1323 3994; x_wconf 89' lang='lat' dir='ltr'>profiteretur</span> <span class='ocrx_word' id='word_1_337' title='bbox 1344 3909 1398 3973; x_wconf 87' lang='lat' dir='ltr'>sed</span> <span class='ocrx_word' id='word_1_338' title='bbox 1422 3910 1526 3994; x_wconf 91' lang='lat' dir='ltr'>potius</span> <span class='ocrx_word' id='word_1_339' title='bbox 1549 3912 1656 3995; x_wconf 88' lang='lat' dir='ltr'>priva·</span> 
     </span>
     <span class='ocr_line' id='line_1_36' title="bbox 285 4012 1657 4099; baseline 0.001 -19"><span class='ocrx_word' id='word_1_340' title='bbox 285 4025 352 4080; x_wconf 93' lang='lat' dir='ltr'>tum</span> <span class='ocrx_word' id='word_1_341' title='bbox 379 4014 517 4099; x_wconf 90' lang='lat' dir='ltr'>aliquem</span> <span class='ocrx_word' id='word_1_342' title='bbox 539 4012 697 4077; x_wconf 92' lang='lat' dir='ltr'>homiuem</span> <span class='ocrx_word' id='word_1_343' title='bbox 723 4012 799 4077; x_wconf 88' lang='lat' dir='ltr'>haec</span> <span class='ocrx_word' id='word_1_344' title='bbox 827 4033 982 4077; x_wconf 79' lang='lat' dir='ltr'>exarasse:</span> <span class='ocrx_word' id='word_1_345' title='bbox 1009 4012 1109 4077; x_wconf 80' lang='lat' dir='ltr'>facilis</span> <span class='ocrx_word' id='word_1_346' title='bbox 1137 4019 1183 4076; x_wconf 89' lang='lat' dir='ltr'>est</span> <span class='ocrx_word' id='word_1_347' title='bbox 1205 4012 1382 4077; x_wconf 89' lang='lat' dir='ltr'>coniectura</span> <span class='ocrx_word' id='word_1_348' title='bbox 1405 4013 1538 4078; x_wconf 90' lang='lat' dir='ltr'>eundern</span> <span class='ocrx_word' id='word_1_349' title='bbox 1561 4015 1657 4081; x_wconf 92' lang='lat' dir='ltr'>huius</span> 
     </span>
     <span class='ocr_line' id='line_1_37' title="bbox 284 4114 1657 4204; baseline 0 -19"><span class='ocrx_word' id='word_1_350' title='bbox 284 4119 357 4185; x_wconf 92' lang='lat' dir='ltr'>libri</span> <span class='ocrx_word' id='word_1_351' title='bbox 372 4137 580 4204; x_wconf 88' lang='lat' dir='ltr'>possessorem</span> <span class='ocrx_word' id='word_1_352' title='bbox 601 4117 707 4196; x_wconf 89' lang='lat' dir='ltr'>fuisse,</span> <span class='ocrx_word' id='word_1_353' title='bbox 731 4117 781 4180; x_wconf 90' lang='lat' dir='ltr'>cui</span> <span class='ocrx_word' id='word_1_354' title='bbox 802 4136 860 4181; x_wconf 89' lang='lat' dir='ltr'>nos</span> <span class='ocrx_word' id='word_1_355' title='bbox 882 4123 929 4181; x_wconf 86' lang='lat' dir='ltr'>tot</span> <span class='ocrx_word' id='word_1_356' title='bbox 952 4123 1022 4202; x_wconf 92' lang='lat' dir='ltr'>post</span> <span class='ocrx_word' id='word_1_357' title='bbox 1043 4114 1176 4199; x_wconf 88' lang='lat' dir='ltr'>saecula,</span> <span class='ocrx_word' id='word_1_358' title='bbox 1202 4123 1329 4200; x_wconf 91' lang='lat' dir='ltr'>totoque</span> <span class='ocrx_word' id='word_1_359' title='bbox 1352 4116 1446 4182; x_wconf 90' lang='lat' dir='ltr'>divisi</span> <span class='ocrx_word' id='word_1_360' title='bbox 1470 4118 1553 4199; x_wconf 90' lang='lat' dir='ltr'>orbe,</span> <span class='ocrx_word' id='word_1_361' title='bbox 1578 4141 1657 4204; x_wconf 89' lang='lat' dir='ltr'>opus</span> 
     </span>
     <span class='ocr_line' id='line_1_38' title="bbox 285 4221 882 4288; baseline -0.007 0"><span class='ocrx_word' id='word_1_362' title='bbox 285 4221 521 4288; x_wconf 84' lang='lat' dir='ltr'>Aristotelicum</span> <span class='ocrx_word' id='word_1_363' title='bbox 545 4229 702 4286; x_wconf 85' lang='lat' dir='ltr'>servatum</span> <span class='ocrx_word' id='word_1_364' title='bbox 725 4221 882 4285; x_wconf 90' lang='lat' dir='ltr'>debemus.</span> 
     </span>
    </p>

    <p class='ocr_par' dir='ltr' id='par_1_4' title="bbox 127 4321 1655 4411">
     <span class='ocr_line' id='line_1_39' title="bbox 127 4321 1655 4411; baseline 0.002 -21"><span class='ocrx_word' id='word_1_365' title='bbox 127 4321 269 4378; x_wconf 45' lang='grc' dir='ltr'>ΜΡΝ*</span> <span class='ocrx_word' id='word_1_366' title='bbox 371 4325 562 4411; x_wconf 87' lang='lat' dir='ltr'>Compendia</span> <span class='ocrx_word' id='word_1_367' title='bbox 588 4325 622 4389; x_wconf 92' lang='lat' dir='ltr'>in</span> <span class='ocrx_word' id='word_1_368' title='bbox 648 4325 706 4388; x_wconf 93' lang='lat' dir='ltr'>hoc</span> <span class='ocrx_word' id='word_1_369' title='bbox 732 4325 822 4405; x_wconf 86' lang='lat' dir='ltr'>libro,</span> <span class='ocrx_word' id='word_1_370' title='bbox 851 4325 966 4411; x_wconf 90' lang='lat' dir='ltr'>quippe</span> <span class='ocrx_word' id='word_1_371' title='bbox 994 4324 1048 4410; x_wconf 92' lang='lat' dir='ltr'>qui</span> <span class='ocrx_word' id='word_1_372' title='bbox 1075 4324 1108 4389; x_wconf 91' lang='lat' dir='ltr'>in</span> <span class='ocrx_word' id='word_1_373' title='bbox 1136 4346 1227 4389; x_wconf 92' lang='lat' dir='ltr'>usum</span> <span class='ocrx_word' id='word_1_374' title='bbox 1255 4325 1414 4410; x_wconf 88' lang='lat' dir='ltr'>privatum</span> <span class='ocrx_word' id='word_1_375' title='bbox 1441 4327 1574 4411; x_wconf 90' lang='lat' dir='ltr'>scriptus</span> <span class='ocrx_word' id='word_1_376' title='bbox 1603 4329 1655 4410; x_wconf 91' lang='lat' dir='ltr'>sit,</span> 
     </span>
    </p>

    <p class='ocr_par' dir='ltr' id='par_1_5' title="bbox 285 4427 1656 4619">
     <span class='ocr_line' id='line_1_40' title="bbox 285 4427 1656 4514; baseline 0.001 -19"><span class='ocrx_word' id='word_1_377' title='bbox 285 4432 330 4495; x_wconf 96' lang='lat' dir='ltr'>ita</span> <span class='ocrx_word' id='word_1_378' title='bbox 352 4429 510 4494; x_wconf 91' lang='lat' dir='ltr'>multant</span> <span class='ocrx_word' id='word_1_379' title='bbox 533 4428 564 4492; x_wconf 94' lang='lat' dir='ltr'>in</span> <span class='ocrx_word' id='word_1_380' title='bbox 592 4427 699 4513; x_wconf 89' lang='lat' dir='ltr'>paucis</span> <span class='ocrx_word' id='word_1_381' title='bbox 726 4427 796 4492; x_wconf 87' lang='lat' dir='ltr'>aliis</span> <span class='ocrx_word' id='word_1_382' title='bbox 819 4435 1021 4513; x_wconf 82' lang='lat' dir='ltr'>usurpantnr3</span> <span class='ocrx_word' id='word_1_383' title='bbox 1050 4448 1151 4513; x_wconf 90' lang='lat' dir='ltr'>neque</span> <span class='ocrx_word' id='word_1_384' title='bbox 1180 4435 1286 4492; x_wconf 89' lang='lat' dir='ltr'>tamen</span> <span class='ocrx_word' id='word_1_385' title='bbox 1310 4429 1418 4493; x_wconf 89' lang='lat' dir='ltr'>eadem</span> <span class='ocrx_word' id='word_1_386' title='bbox 1439 4429 1522 4514; x_wconf 88' lang='lat' dir='ltr'>apud</span> <span class='ocrx_word' id='word_1_387' title='bbox 1546 4451 1656 4497; x_wconf 90' lang='lat' dir='ltr'>omnes</span> 
     </span>
     <span class='ocr_line' id='line_1_41' title="bbox 285 4530 1010 4619; baseline -0.003 -21"><span class='ocrx_word' id='word_1_388' title='bbox 285 4533 459 4619; x_wconf 87' lang='lat' dir='ltr'>scriptores.</span> <span class='ocrx_word' id='word_1_389' title='bbox 504 4531 542 4596; x_wconf 88' lang='lat' dir='ltr'>L¹</span> <span class='ocrx_word' id='word_1_390' title='bbox 565 4531 640 4596; x_wconf 90' lang='lat' dir='ltr'>haec</span> <span class='ocrx_word' id='word_1_391' title='bbox 663 4531 790 4597; x_wconf 91' lang='lat' dir='ltr'>adhibet</span> <span class='ocrx_word' id='word_1_392' title='bbox 812 4530 1010 4618; x_wconf 90' lang='lat' dir='ltr'>compendia:</span> 
     </span>
    </p>
   </div>
   <div class='ocr_carea' id='block_1_3' title="bbox 282 4710 686 4718">
    <p class='ocr_par' dir='ltr' id='par_1_6' title="bbox 282 4710 686 4718">
     <span class='ocr_line' id='line_1_42' title="bbox 282 4710 686 4718; baseline -0.005 0"><span class='ocrx_word' id='word_1_393' title='bbox 282 4712 338 4718; x_wconf 78' lang='lat'>-—</span> <span class='ocrx_word' id='word_1_394' title='bbox 343 4710 549 4717; x_wconf 69' lang='lat'>—.——-—-</span> <span class='ocrx_word' id='word_1_395' title='bbox 555 4710 686 4716; x_wconf 74' lang='lat'>.-—-.-.---</span> 
     </span>
    </p>
   </div>
   <div class='ocr_carea' id='block_1_4' title="bbox 285 4809 1653 4970">
    <p class='ocr_par' dir='ltr' id='par_1_7' title="bbox 285 4809 1653 4970">
     <span class='ocr_line' id='line_1_43' title="bbox 373 4809 1653 4881; baseline 0.002 -17"><span class='ocrx_word' id='word_1_396' title='bbox 373 4814 393 4875; x_wconf 87' lang='lat'>¹)</span> <span class='ocrx_word' id='word_1_397' title='bbox 412 4812 451 4865; x_wconf 90' lang='lat' dir='ltr'>De</span> <span class='ocrx_word' id='word_1_398' title='bbox 471 4811 656 4879; x_wconf 87' lang='lat' dir='ltr'>discrepantiis</span> <span class='ocrx_word' id='word_1_399' title='bbox 676 4811 772 4880; x_wconf 87' lang='lat' dir='ltr'>quibus</span> <span class='ocrx_word' id='word_1_400' title='bbox 790 4809 822 4864; x_wconf 88' lang='lat' dir='ltr'>L¹</span> <span class='ocrx_word' id='word_1_401' title='bbox 842 4816 869 4865; x_wconf 91' lang='lat' dir='ltr'>et</span> <span class='ocrx_word' id='word_1_402' title='bbox 886 4811 927 4875; x_wconf 89' lang='lat' dir='ltr'>L⁴‚</span> <span class='ocrx_word' id='word_1_403' title='bbox 945 4827 1051 4865; x_wconf 86' lang='lat' dir='ltr'>necnon</span> <span class='ocrx_word' id='word_1_404' title='bbox 1069 4811 1103 4864; x_wconf 61' lang='grc' dir='ltr'>Ι)</span> <span class='ocrx_word' id='word_1_405' title='bbox 1122 4815 1148 4865; x_wconf 85' lang='lat' dir='ltr'>ct</span> <span class='ocrx_word' id='word_1_406' title='bbox 1166 4811 1207 4876; x_wconf 64' lang='lat' dir='ltr'>Ll,</span> <span class='ocrx_word' id='word_1_407' title='bbox 1226 4813 1341 4865; x_wconf 78' lang='lat' dir='ltr'>interae</span> <span class='ocrx_word' id='word_1_408' title='bbox 1362 4812 1571 4881; x_wconf 84' lang='lat' dir='ltr'>distinguuntur,</span> <span class='ocrx_word' id='word_1_409' title='bbox 1591 4830 1653 4867; x_wconf 85' lang='lat' dir='ltr'>con·</span> 
     </span>
     <span class='ocr_line' id='line_1_44' title="bbox 285 4899 1237 4970; baseline 0.002 -18"><span class='ocrx_word' id='word_1_410' title='bbox 285 4900 352 4954; x_wconf 84' lang='lat' dir='ltr'>ierrc</span> <span class='ocrx_word' id='word_1_411' title='bbox 372 4899 435 4954; x_wconf 87' lang='lat' dir='ltr'>licet</span> <span class='ocrx_word' id='word_1_412' title='bbox 456 4916 523 4970; x_wconf 86' lang='lat' dir='ltr'>quae</span> <span class='ocrx_word' id='word_1_413' title='bbox 542 4900 570 4953; x_wconf 92' lang='lat' dir='ltr'>in</span> <span class='ocrx_word' id='word_1_414' title='bbox 590 4899 707 4954; x_wconf 88' lang='lat' dir='ltr'>editione</span> <span class='ocrx_word' id='word_1_415' title='bbox 725 4916 784 4954; x_wconf 89' lang='lat' dir='ltr'>mea</span> <span class='ocrx_word' id='word_1_416' title='bbox 803 4900 881 4953; x_wconf 88' lang='lat' dir='ltr'>tertia</span> <span class='ocrx_word' id='word_1_417' title='bbox 900 4900 957 4970; x_wconf 91' lang='lat' dir='ltr'>(pp.</span> <span class='ocrx_word' id='word_1_418' title='bbox 967 4900 1027 4968; x_wconf 88' lang='lat' dir='ltr'>Xll,</span> <span class='ocrx_word' id='word_1_419' title='bbox 1040 4900 1115 4966; x_wconf 88' lang='lat' dir='ltr'>XIII)</span> <span class='ocrx_word' id='word_1_420' title='bbox 1133 4901 1237 4968; x_wconf 88' lang='lat' dir='ltr'>scripsi.</span> 
     </span>
    </p>
   </div>
   <div class='ocr_carea' id='block_1_5' title="bbox 0 0 1760 5610">
    <p class='ocr_par' dir='ltr' id='par_1_8' title="bbox 0 0 1760 5610">
     <span class='ocr_line' id='line_1_45' title="bbox 0 0 1760 5610; baseline 0 1"><span class='ocrx_word' id='word_1_421' title='bbox 0 0 1760 5610; x_wconf 95' lang='lat' dir='ltr'> </span> 
     </span>
    </p>
   </div>
  </div>
 </body>
</html>
