<?xml version="1.0" encoding="UTF-8"?>
<!DOCTYPE html PUBLIC "-//W3C//DTD XHTML 1.0 Transitional//EN"
    "http://www.w3.org/TR/xhtml1/DTD/xhtml1-transitional.dtd">
<html xmlns="http://www.w3.org/1999/xhtml" xml:lang="en" lang="en">
 <head>
  <title>
</title>
<meta http-equiv="Content-Type" content="text/html;charset=utf-8" />
  <meta name='ocr-system' content='tesseract 3.04.00' />
  <meta name='ocr-capabilities' content='ocr_page ocr_carea ocr_par ocr_line ocrx_word'/>
</head>
<body>
  <div class='ocr_page' id='page_1' title='image "./supplementumari00arisgoog/supplementumari00arisgoog_0319.png"; bbox 0 0 3510 5610; ppageno 0'>
   <div class='ocr_carea' id='block_1_1' title="bbox 188 311 415 394">
    <p class='ocr_par' dir='ltr' id='par_1_1' title="bbox 188 311 415 394">
     <span class='ocr_line' id='line_1_1' title="bbox 188 311 415 394; baseline -0.004 -19"><span class='ocrx_word' id='word_1_1' title='bbox 188 311 252 377; x_wconf 76' lang='lat'><strong>152</strong></span> <span class='ocrx_word' id='word_1_2' title='bbox 342 311 415 394; x_wconf 81' lang='grc' dir='ltr'><strong>ὑπέρ</strong></span> 
     </span>
    </p>
   </div>
   <div class='ocr_carea' id='block_1_2' title="bbox 176 477 861 4957">
    <p class='ocr_par' dir='ltr' id='par_1_2' title="bbox 187 477 851 1261">
     <span class='ocr_line' id='line_1_2' title="bbox 187 477 848 554; baseline -0.003 -18"><span class='ocrx_word' id='word_1_3' title='bbox 187 484 269 554; x_wconf 83' lang='grc' dir='ltr'><strong>ὑπέρ.</strong></span> <span class='ocrx_word' id='word_1_4' title='bbox 306 500 328 536; x_wconf 86' lang='grc'><strong>0.</strong></span> <span class='ocrx_word' id='word_1_5' title='bbox 342 482 563 553; x_wconf 71' lang='grc' dir='ltr'><strong>ιιοτι.Λειφὺδριον</strong></span> <span class='ocrx_word' id='word_1_6' title='bbox 585 481 614 535; x_wconf 89' lang='grc' dir='ltr'><strong>τὸ</strong></span> <span class='ocrx_word' id='word_1_7' title='bbox 634 480 695 551; x_wconf 82' lang='grc' dir='ltr'><strong>ὑπέρ</strong></span> <span class='ocrx_word' id='word_1_8' title='bbox 716 477 848 551; x_wconf 80' lang='grc' dir='ltr'><strong>Πάρνηθος</strong></span> 
     </span>
     <span class='ocr_line' id='line_1_3' title="bbox 242 567 848 643; baseline -0.002 -19"><span class='ocrx_word' id='word_1_9' title='bbox 242 571 306 637; x_wconf 76' lang='grc'><strong>868</strong></span> <span class='ocrx_word' id='word_1_10' title='bbox 343 571 501 641; x_wconf 77' lang='grc' dir='ltr'>δρυφάκτους</span> <span class='ocrx_word' id='word_1_11' title='bbox 524 571 585 643; x_wconf 81' lang='grc' dir='ltr'><strong>ὑπὲρ</strong></span> <span class='ocrx_word' id='word_1_12' title='bbox 608 575 660 622; x_wconf 91' lang='grc' dir='ltr'><strong>τῶν</strong></span> <span class='ocrx_word' id='word_1_13' title='bbox 685 567 752 622; x_wconf 86' lang='grc' dir='ltr'><strong>όδῶν</strong></span> <span class='ocrx_word' id='word_1_14' title='bbox 775 569 848 639; x_wconf 88' lang='grc' dir='ltr'><strong>ὑπερ-</strong></span> 
     </span>
     <span class='ocr_line' id='line_1_4' title="bbox 240 657 847 730; baseline 0 -20"><span class='ocrx_word' id='word_1_15' title='bbox 240 659 327 713; x_wconf 76' lang='grc' dir='ltr'>τείνειν</span> <span class='ocrx_word' id='word_1_16' title='bbox 350 658 431 721; x_wconf 86' lang='grc'><strong>54,14</strong></span> <span class='ocrx_word' id='word_1_17' title='bbox 468 658 529 730; x_wconf 83' lang='grc' dir='ltr'><strong>πρὸς</strong></span> <span class='ocrx_word' id='word_1_18' title='bbox 547 658 682 728; x_wconf 77' lang='grc' dir='ltr'><strong>ἑκατέρους</strong></span> <span class='ocrx_word' id='word_1_19' title='bbox 704 657 766 725; x_wconf 87' lang='grc' dir='ltr'><strong>ὑπέρ</strong></span> <span class='ocrx_word' id='word_1_20' title='bbox 789 659 847 711; x_wconf 87' lang='grc' dir='ltr'><strong>έκα-</strong></span> 
     </span>
     <span class='ocr_line' id='line_1_5' title="bbox 242 746 848 817; baseline -0.005 -17"><span class='ocrx_word' id='word_1_21' title='bbox 242 749 323 817; x_wconf 78' lang='grc' dir='ltr'><strong>τάρων</strong></span> <span class='ocrx_word' id='word_1_22' title='bbox 346 748 455 816; x_wconf 87' lang='grc' dir='ltr'><strong>μάχεται</strong></span> <span class='ocrx_word' id='word_1_23' title='bbox 480 746 527 812; x_wconf 83' lang='grc'><strong>61</strong></span> <span class='ocrx_word' id='word_1_24' title='bbox 569 752 688 815; x_wconf 83' lang='grc' dir='ltr'><strong>τιμωρεῖν</strong></span> <span class='ocrx_word' id='word_1_25' title='bbox 712 746 774 816; x_wconf 82' lang='grc' dir='ltr'><strong>ὑπὲρ</strong></span> <span class='ocrx_word' id='word_1_26' title='bbox 796 753 848 799; x_wconf 90' lang='grc' dir='ltr'><strong>τῶν</strong></span> 
     </span>
     <span class='ocr_line' id='line_1_6' title="bbox 243 831 849 906; baseline -0.002 -18"><span class='ocrx_word' id='word_1_27' title='bbox 243 834 416 904; x_wconf 75' lang='grc' dir='ltr'><strong>ἀδικουμένων</strong></span> <span class='ocrx_word' id='word_1_28' title='bbox 437 834 512 901; x_wconf 80' lang='grc'><strong>1617</strong></span> <span class='ocrx_word' id='word_1_29' title='bbox 542 831 603 906; x_wconf 86' lang='grc' dir='ltr'><strong>ὑπέρ</strong></span> <span class='ocrx_word' id='word_1_30' title='bbox 623 831 660 885; x_wconf 89' lang='grc' dir='ltr'><strong>ῶν</strong></span> <span class='ocrx_word' id='word_1_31' title='bbox 679 833 708 885; x_wconf 82' lang='grc' dir='ltr'><strong>ἂν</strong></span> <span class='ocrx_word' id='word_1_32' title='bbox 727 833 849 905; x_wconf 89' lang='grc' dir='ltr'><strong>βοὺληται</strong></span> 
     </span>
     <span class='ocr_line' id='line_1_7' title="bbox 242 920 849 991; baseline 0 -15"><span class='ocrx_word' id='word_1_33' title='bbox 242 925 287 977; x_wconf 77' lang='grc' dir='ltr'><strong>καὶ</strong></span> <span class='ocrx_word' id='word_1_34' title='bbox 309 922 378 976; x_wconf 80' lang='grc' dir='ltr'><strong>ἰδίων</strong></span> <span class='ocrx_word' id='word_1_35' title='bbox 406 922 449 974; x_wconf 85' lang='grc' dir='ltr'><strong>καλ</strong></span> <span class='ocrx_word' id='word_1_36' title='bbox 472 921 600 991; x_wconf 76' lang='grc' dir='ltr'><strong>δημοσίων</strong></span> <span class='ocrx_word' id='word_1_37' title='bbox 625 920 761 982; x_wconf 79' lang='grc' dir='ltr'><strong>διαλέξεται</strong></span> <span class='ocrx_word' id='word_1_38' title='bbox 788 923 849 991; x_wconf 89' lang='grc' dir='ltr'><strong>πρὸς</strong></span> 
     </span>
     <span class='ocr_line' id='line_1_8' title="bbox 242 1009 849 1083; baseline -0.002 -20"><span class='ocrx_word' id='word_1_39' title='bbox 242 1009 286 1064; x_wconf 91' lang='grc' dir='ltr'><strong>τδν</strong></span> <span class='ocrx_word' id='word_1_40' title='bbox 305 1011 386 1079; x_wconf 77' lang='grc' dir='ltr'><strong>δῆμον</strong></span> <span class='ocrx_word' id='word_1_41' title='bbox 404 1009 466 1075; x_wconf 76' lang='grc'><strong>468</strong></span> <span class='ocrx_word' id='word_1_42' title='bbox 496 1009 558 1080; x_wconf 77' lang='grc' dir='ltr'><strong>ὑπέρ</strong></span> <span class='ocrx_word' id='word_1_43' title='bbox 577 1009 614 1062; x_wconf 91' lang='grc' dir='ltr'><strong>ῶν</strong></span> <span class='ocrx_word' id='word_1_44' title='bbox 633 1009 670 1063; x_wconf 92' lang='grc' dir='ltr'><strong>δεῖ</strong></span> <span class='ocrx_word' id='word_1_45' title='bbox 688 1011 849 1083; x_wconf 70' lang='grc' dir='ltr'><strong>χρηματίζειν</strong></span> 
     </span>
     <span class='ocr_line' id='line_1_9' title="bbox 243 1096 851 1170; baseline 0 -18"><span class='ocrx_word' id='word_1_46' title='bbox 243 1097 402 1170; x_wconf 76' lang='grc' dir='ltr'><strong>προτιθέασιν</strong></span> <span class='ocrx_word' id='word_1_47' title='bbox 419 1096 484 1160; x_wconf 86' lang='grc'><strong>469</strong></span> <span class='ocrx_word' id='word_1_48' title='bbox 520 1097 565 1155; x_wconf 88' lang='grc' dir='ltr'><strong>τάς</strong></span> <span class='ocrx_word' id='word_1_49' title='bbox 584 1097 783 1168; x_wconf 84' lang='grc' dir='ltr'><strong>ἀμφισβητήσεις</strong></span> <span class='ocrx_word' id='word_1_50' title='bbox 805 1100 851 1157; x_wconf 88' lang='grc' dir='ltr'><strong>τάς</strong></span> 
     </span>
     <span class='ocr_line' id='line_1_10' title="bbox 244 1184 550 1261; baseline -0.01 -20"><span class='ocrx_word' id='word_1_51' title='bbox 244 1186 306 1261; x_wconf 83' lang='grc' dir='ltr'><strong>ὑπέρ</strong></span> <span class='ocrx_word' id='word_1_52' title='bbox 324 1194 376 1240; x_wconf 93' lang='grc' dir='ltr'><strong>τῶν</strong></span> <span class='ocrx_word' id='word_1_53' title='bbox 395 1186 469 1258; x_wconf 76' lang='grc' dir='ltr'><strong>ἱερῶν</strong></span> <span class='ocrx_word' id='word_1_54' title='bbox 489 1184 550 1249; x_wconf 86' lang='grc'><strong>668</strong></span> 
     </span>
    </p>

    <p class='ocr_par' dir='ltr' id='par_1_3' title="bbox 281 1272 849 1346">
     <span class='ocr_line' id='line_1_11' title="bbox 281 1272 849 1346; baseline -0.004 -18"><span class='ocrx_word' id='word_1_55' title='bbox 281 1291 303 1328; x_wconf 83' lang='grc'><strong>0.</strong></span> <span class='ocrx_word' id='word_1_56' title='bbox 316 1291 369 1328; x_wconf 80' lang='grc' dir='ltr'><strong>εει.</strong></span> <span class='ocrx_word' id='word_1_57' title='bbox 383 1274 407 1328; x_wconf 87' lang='grc'><strong>01</strong></span> <span class='ocrx_word' id='word_1_58' title='bbox 424 1273 486 1346; x_wconf 84' lang='grc' dir='ltr'><strong>ὑπέρ</strong></span> <span class='ocrx_word' id='word_1_59' title='bbox 505 1272 566 1326; x_wconf 87' lang='grc' dir='ltr'><strong>δέκα</strong></span> <span class='ocrx_word' id='word_1_60' title='bbox 584 1273 629 1344; x_wconf 88' lang='grc' dir='ltr'><strong>ίτη</strong></span> <span class='ocrx_word' id='word_1_61' title='bbox 648 1275 777 1343; x_wconf 87' lang='grc' dir='ltr'><strong>γεγονότες</strong></span> <span class='ocrx_word' id='word_1_62' title='bbox 790 1275 849 1339; x_wconf 85' lang='grc'><strong>5,16</strong></span> 
     </span>
    </p>

    <p class='ocr_par' dir='ltr' id='par_1_4' title="bbox 244 1356 851 1787">
     <span class='ocr_line' id='line_1_12' title="bbox 244 1356 850 1433; baseline 0 -17"><span class='ocrx_word' id='word_1_63' title='bbox 244 1363 279 1429; x_wconf 88' lang='grc' dir='ltr'><strong>(οί</strong></span> <span class='ocrx_word' id='word_1_64' title='bbox 301 1362 363 1433; x_wconf 86' lang='grc' dir='ltr'><strong>ὑπέρ</strong></span> <span class='ocrx_word' id='word_1_65' title='bbox 382 1356 513 1431; x_wconf 80' lang='grc' dir='ltr'><strong>τριάκοντ’</strong></span> <span class='ocrx_word' id='word_1_66' title='bbox 531 1361 586 1431; x_wconf 81' lang='grc' dir='ltr'><strong>ἐτη)</strong></span> <span class='ocrx_word' id='word_1_67' title='bbox 609 1361 672 1426; x_wconf 86' lang='grc'><strong>5,81</strong></span> <span class='ocrx_word' id='word_1_68' title='bbox 698 1362 763 1429; x_wconf 73' lang='grc'><strong>364</strong></span> <span class='ocrx_word' id='word_1_69' title='bbox 786 1363 850 1429; x_wconf 80' lang='grc'><strong>368</strong></span> 
     </span>
     <span class='ocr_line' id='line_1_13' title="bbox 245 1449 850 1521; baseline -0.002 -17"><span class='ocrx_word' id='word_1_70' title='bbox 245 1451 305 1517; x_wconf 77' lang='grc'><strong>169</strong></span> <span class='ocrx_word' id='word_1_71' title='bbox 336 1452 371 1518; x_wconf 87' lang='grc'><strong>(01</strong></span> <span class='ocrx_word' id='word_1_72' title='bbox 384 1450 445 1519; x_wconf 83' lang='grc' dir='ltr'><strong>ὑπέρ</strong></span> <span class='ocrx_word' id='word_1_73' title='bbox 458 1451 654 1521; x_wconf 90' lang='grc' dir='ltr'><strong>τετταράκοντα)</strong></span> <span class='ocrx_word' id='word_1_74' title='bbox 668 1449 776 1515; x_wconf 78' lang='grc'><strong>36885</strong></span> <span class='ocrx_word' id='word_1_75' title='bbox 789 1451 850 1515; x_wconf 75' lang='grc'><strong>468</strong></span> 
     </span>
     <span class='ocr_line' id='line_1_14' title="bbox 245 1537 849 1610; baseline -0.002 -17"><span class='ocrx_word' id='word_1_76' title='bbox 245 1540 277 1593; x_wconf 77' lang='lat' dir='ltr'><strong>cf.</strong></span> <span class='ocrx_word' id='word_1_77' title='bbox 292 1539 368 1606; x_wconf 85' lang='grc'><strong>6681</strong></span> <span class='ocrx_word' id='word_1_78' title='bbox 406 1539 438 1592; x_wconf 88' lang='grc' dir='ltr'><strong>τά</strong></span> <span class='ocrx_word' id='word_1_79' title='bbox 456 1537 518 1609; x_wconf 85' lang='grc' dir='ltr'><strong>ὑπέρ</strong></span> <span class='ocrx_word' id='word_1_80' title='bbox 536 1543 612 1592; x_wconf 85' lang='grc' dir='ltr'><strong>τοῖιτο</strong></span> <span class='ocrx_word' id='word_1_81' title='bbox 630 1537 660 1592; x_wconf 85' lang='grc' dir='ltr'><strong>τό</strong></span> <span class='ocrx_word' id='word_1_82' title='bbox 678 1540 777 1610; x_wconf 90' lang='grc' dir='ltr'><strong>τίμημα</strong></span> <span class='ocrx_word' id='word_1_83' title='bbox 790 1539 849 1606; x_wconf 73' lang='grc'><strong>569</strong></span> 
     </span>
     <span class='ocr_line' id='line_1_15' title="bbox 245 1624 851 1700; baseline 0 -20"><span class='ocrx_word' id='word_1_84' title='bbox 245 1629 277 1680; x_wconf 90' lang='grc' dir='ltr'><strong>τά</strong></span> <span class='ocrx_word' id='word_1_85' title='bbox 300 1627 361 1698; x_wconf 83' lang='grc' dir='ltr'><strong>ὑπέρ</strong></span> <span class='ocrx_word' id='word_1_86' title='bbox 384 1625 465 1700; x_wconf 88' lang='grc' dir='ltr'><strong>χιλίας</strong></span> <span class='ocrx_word' id='word_1_87' title='bbox 485 1624 532 1692; x_wconf 86' lang='lat' dir='ltr'><strong>(sc.</strong></span> <span class='ocrx_word' id='word_1_88' title='bbox 551 1626 676 1695; x_wconf 83' lang='grc' dir='ltr'><strong>δραχμάς)</strong></span> <span class='ocrx_word' id='word_1_89' title='bbox 695 1625 761 1693; x_wconf 90' lang='grc'><strong>568</strong></span> <span class='ocrx_word' id='word_1_90' title='bbox 797 1635 851 1685; x_wconf 89' lang='grc' dir='ltr'><strong>ταῖς</strong></span> 
     </span>
     <span class='ocr_line' id='line_1_16' title="bbox 245 1712 626 1787; baseline -0.005 -19"><span class='ocrx_word' id='word_1_91' title='bbox 245 1715 306 1787; x_wconf 79' lang='grc' dir='ltr'><strong>ὑπέρ</strong></span> <span class='ocrx_word' id='word_1_92' title='bbox 325 1712 529 1785; x_wconf 62' lang='grc' dir='ltr'><strong>πεντακισχιλίας</strong></span> <span class='ocrx_word' id='word_1_93' title='bbox 547 1715 626 1780; x_wconf 86' lang='grc'><strong>’1619</strong></span> 
     </span>
    </p>

    <p class='ocr_par' dir='ltr' id='par_1_5' title="bbox 195 1801 852 1965">
     <span class='ocr_line' id='line_1_17' title="bbox 195 1801 852 1875; baseline -0.005 -17"><span class='ocrx_word' id='word_1_94' title='bbox 195 1804 413 1875; x_wconf 88' lang='grc' dir='ltr'><strong>ὑπερβάλλιιν.</strong></span> <span class='ocrx_word' id='word_1_95' title='bbox 456 1803 522 1858; x_wconf 84' lang='lat' dir='ltr'><strong>med.</strong></span> <span class='ocrx_word' id='word_1_96' title='bbox 538 1804 581 1855; x_wconf 87' lang='grc' dir='ltr'><strong>τάν</strong></span> <span class='ocrx_word' id='word_1_97' title='bbox 604 1801 746 1873; x_wconf 89' lang='grc' dir='ltr'><strong>κατάλογον</strong></span> <span class='ocrx_word' id='word_1_98' title='bbox 774 1802 852 1856; x_wconf 88' lang='grc' dir='ltr'><strong>πολὺν</strong></span> 
     </span>
     <span class='ocr_line' id='line_1_18' title="bbox 246 1889 637 1965; baseline -0.005 -20"><span class='ocrx_word' id='word_1_99' title='bbox 246 1892 337 1965; x_wconf 88' lang='grc' dir='ltr'><strong>χρόνον</strong></span> <span class='ocrx_word' id='word_1_100' title='bbox 356 1889 556 1960; x_wconf 73' lang='grc' dir='ltr'><strong>ὑπερεβάλλοντο</strong></span> <span class='ocrx_word' id='word_1_101' title='bbox 576 1891 637 1957; x_wconf 88' lang='grc'><strong>368</strong></span> 
     </span>
    </p>

    <p class='ocr_par' dir='ltr' id='par_1_6' title="bbox 194 1979 815 2053">
     <span class='ocr_line' id='line_1_19' title="bbox 194 1979 815 2053; baseline -0.003 -20"><span class='ocrx_word' id='word_1_102' title='bbox 194 1979 390 2053; x_wconf 91' lang='grc' dir='ltr'><strong>ὑπερηφανία</strong></span> <span class='ocrx_word' id='word_1_103' title='bbox 409 1980 489 2046; x_wconf 86' lang='lat' dir='ltr'><strong>(coni.</strong></span> <span class='ocrx_word' id='word_1_104' title='bbox 503 1979 660 2050; x_wconf 87' lang='grc' dir='ltr'><strong>φιλαργυρία)</strong></span> <span class='ocrx_word' id='word_1_105' title='bbox 678 1979 815 2045; x_wconf 82' lang='grc'><strong>8010617</strong></span> 
     </span>
    </p>

    <p class='ocr_par' dir='ltr' id='par_1_7' title="bbox 194 2066 851 2140">
     <span class='ocr_line' id='line_1_20' title="bbox 194 2066 851 2140; baseline -0.006 -18"><span class='ocrx_word' id='word_1_106' title='bbox 194 2067 360 2139; x_wconf 71' lang='grc' dir='ltr'><strong>ὑπερόριος</strong></span> <span class='ocrx_word' id='word_1_107' title='bbox 380 2067 446 2135; x_wconf 83' lang='lat' dir='ltr'>plur.</span> <span class='ocrx_word' id='word_1_108' title='bbox 460 2067 546 2140; x_wconf 90' lang='grc' dir='ltr'><strong>(ἀρχαί</strong></span> <span class='ocrx_word' id='word_1_109' title='bbox 563 2084 627 2136; x_wconf 82' lang='grc' dir='ltr'><strong>ορρ.</strong></span> <span class='ocrx_word' id='word_1_110' title='bbox 641 2066 754 2137; x_wconf 89' lang='grc' dir='ltr'><strong>ένδημοι)</strong></span> <span class='ocrx_word' id='word_1_111' title='bbox 774 2067 851 2132; x_wconf 90' lang='grc'><strong>8616</strong></span> 
     </span>
    </p>

    <p class='ocr_par' dir='ltr' id='par_1_8' title="bbox 194 2154 851 2308">
     <span class='ocr_line' id='line_1_21' title="bbox 194 2154 851 2227; baseline -0.002 -19"><span class='ocrx_word' id='word_1_112' title='bbox 194 2154 385 2225; x_wconf 72' lang='grc' dir='ltr'><strong>ὑπερτείνειν</strong></span> <span class='ocrx_word' id='word_1_113' title='bbox 408 2155 576 2226; x_wconf 89' lang='grc' dir='ltr'><strong>(δρυφάκτους</strong></span> <span class='ocrx_word' id='word_1_114' title='bbox 602 2155 665 2227; x_wconf 84' lang='grc' dir='ltr'><strong>ὑπέρ</strong></span> <span class='ocrx_word' id='word_1_115' title='bbox 692 2162 745 2208; x_wconf 89' lang='grc' dir='ltr'><strong>τῶν</strong></span> <span class='ocrx_word' id='word_1_116' title='bbox 773 2155 851 2223; x_wconf 91' lang='grc' dir='ltr'><strong>δδῶν)</strong></span> 
     </span>
     <span class='ocr_line' id='line_1_22' title="bbox 247 2243 327 2308; baseline -0.013 -11"><span class='ocrx_word' id='word_1_117' title='bbox 247 2243 327 2308; x_wconf 76' lang='grc'><strong>5614</strong></span> 
     </span>
    </p>

    <p class='ocr_par' dir='ltr' id='par_1_9' title="bbox 194 2330 524 2400">
     <span class='ocr_line' id='line_1_23' title="bbox 194 2330 524 2400; baseline 0 -16"><span class='ocrx_word' id='word_1_118' title='bbox 194 2330 366 2390; x_wconf 75' lang='grc' dir='ltr'><strong>ὑπεύθυνος</strong></span> <span class='ocrx_word' id='word_1_119' title='bbox 385 2333 452 2400; x_wconf 82' lang='lat' dir='ltr'><strong>plur.</strong></span> <span class='ocrx_word' id='word_1_120' title='bbox 466 2331 524 2394; x_wconf 87' lang='grc'><strong>661</strong></span> 
     </span>
    </p>

    <p class='ocr_par' dir='ltr' id='par_1_10' title="bbox 196 2418 853 2662">
     <span class='ocr_line' id='line_1_24' title="bbox 196 2418 852 2494; baseline -0.002 -20"><span class='ocrx_word' id='word_1_121' title='bbox 196 2420 353 2494; x_wconf 76' lang='grc' dir='ltr'><strong>ὑπηρέτης</strong></span> <span class='ocrx_word' id='word_1_122' title='bbox 372 2420 451 2487; x_wconf 75' lang='grc'><strong>6680</strong></span> <span class='ocrx_word' id='word_1_123' title='bbox 469 2418 638 2486; x_wconf 77' lang='grc'><strong>’1687663</strong></span> <span class='ocrx_word' id='word_1_124' title='bbox 673 2420 740 2487; x_wconf 84' lang='grc' dir='ltr'><strong>ρΙιιι.</strong></span> <span class='ocrx_word' id='word_1_125' title='bbox 753 2420 852 2489; x_wconf 87' lang='grc' dir='ltr'><strong>(μαστι-</strong></span> 
     </span>
     <span class='ocr_line' id='line_1_25' title="bbox 248 2505 853 2580; baseline 0.002 -18"><span class='ocrx_word' id='word_1_126' title='bbox 248 2509 351 2580; x_wconf 89' lang='grc' dir='ltr'><strong>γοφόροι</strong></span> <span class='ocrx_word' id='word_1_127' title='bbox 373 2506 522 2578; x_wconf 86' lang='grc' dir='ltr'><strong>τριακόσιοι)</strong></span> <span class='ocrx_word' id='word_1_128' title='bbox 540 2505 618 2573; x_wconf 73' lang='grc'><strong>3688</strong></span> <span class='ocrx_word' id='word_1_129' title='bbox 655 2508 791 2577; x_wconf 90' lang='grc' dir='ltr'><strong>(δημόσιοι)</strong></span> <span class='ocrx_word' id='word_1_130' title='bbox 811 2509 853 2574; x_wconf 86' lang='grc'><strong>54,</strong></span> 
     </span>
     <span class='ocr_line' id='line_1_26' title="bbox 251 2595 458 2662; baseline -0.005 -14"><span class='ocrx_word' id='word_1_131' title='bbox 251 2595 458 2662; x_wconf 72' lang='grc'><strong>1616118611</strong></span> 
     </span>
    </p>

    <p class='ocr_par' dir='ltr' id='par_1_11' title="bbox 196 2680 854 3019">
     <span class='ocr_line' id='line_1_27' title="bbox 196 2680 854 2754; baseline -0.003 -15"><span class='ocrx_word' id='word_1_132' title='bbox 196 2682 417 2754; x_wconf 74' lang='grc' dir='ltr'><strong>ὑπισχνεῖσθαι.</strong></span> <span class='ocrx_word' id='word_1_133' title='bbox 449 2680 551 2752; x_wconf 75' lang='grc' dir='ltr'><strong>διῆλθον</strong></span> <span class='ocrx_word' id='word_1_134' title='bbox 572 2682 608 2740; x_wconf 89' lang='grc' dir='ltr'><strong>ιὺς</strong></span> <span class='ocrx_word' id='word_1_135' title='bbox 626 2681 773 2753; x_wconf 81' lang='grc' dir='ltr'><strong>ὑπεσχόμην</strong></span> <span class='ocrx_word' id='word_1_136' title='bbox 792 2683 854 2737; x_wconf 89' lang='grc'><strong>8010</strong></span> 
     </span>
     <span class='ocr_line' id='line_1_28' title="bbox 252 2769 852 2841; baseline -0.002 -16"><span class='ocrx_word' id='word_1_137' title='bbox 252 2771 327 2834; x_wconf 79' lang='grc'><strong>1619</strong></span> <span class='ocrx_word' id='word_1_138' title='bbox 359 2769 495 2841; x_wconf 88' lang='grc' dir='ltr'><strong>(ἐπιθήσειν</strong></span> <span class='ocrx_word' id='word_1_139' title='bbox 510 2769 570 2840; x_wconf 83' lang='grc' dir='ltr'><strong>πρὸς</strong></span> <span class='ocrx_word' id='word_1_140' title='bbox 582 2770 650 2823; x_wconf 87' lang='grc' dir='ltr'><strong>δυοῖν</strong></span> <span class='ocrx_word' id='word_1_141' title='bbox 663 2770 763 2839; x_wconf 82' lang='grc' dir='ltr'><strong>ὀβολοῖν</strong></span> <span class='ocrx_word' id='word_1_142' title='bbox 777 2771 852 2824; x_wconf 87' lang='grc' dir='ltr'><strong>ἀλλον</strong></span> 
     </span>
     <span class='ocr_line' id='line_1_29' title="bbox 249 2859 852 2931; baseline -0.005 -17"><span class='ocrx_word' id='word_1_143' title='bbox 249 2859 350 2931; x_wconf 75' lang='grc' dir='ltr'><strong>ὀβολόν)</strong></span> <span class='ocrx_word' id='word_1_144' title='bbox 363 2859 421 2923; x_wconf 77' lang='grc'><strong>361</strong></span> <span class='ocrx_word' id='word_1_145' title='bbox 461 2859 510 2911; x_wconf 91' lang='grc' dir='ltr'><strong>κάν</strong></span> <span class='ocrx_word' id='word_1_146' title='bbox 528 2877 566 2916; x_wconf 91' lang='grc' dir='ltr'><strong>τις</strong></span> <span class='ocrx_word' id='word_1_147' title='bbox 584 2859 756 2931; x_wconf 88' lang='grc' dir='ltr'><strong>ὑποσχόμενός</strong></span> <span class='ocrx_word' id='word_1_148' title='bbox 774 2878 798 2912; x_wconf 95' lang='grc' dir='ltr'><strong>τι</strong></span> <span class='ocrx_word' id='word_1_149' title='bbox 817 2861 852 2929; x_wconf 79' lang='grc' dir='ltr'><strong>μή</strong></span> 
     </span>
     <span class='ocr_line' id='line_1_30' title="bbox 249 2946 569 3019; baseline -0.009 -17"><span class='ocrx_word' id='word_1_150' title='bbox 249 2949 340 3019; x_wconf 83' lang='grc' dir='ltr'><strong>ποιήση</strong></span> <span class='ocrx_word' id='word_1_151' title='bbox 359 2948 398 3018; x_wconf 78' lang='grc' dir='ltr'><strong>τῷ</strong></span> <span class='ocrx_word' id='word_1_152' title='bbox 416 2947 490 3016; x_wconf 83' lang='grc' dir='ltr'><strong>δήμιρ</strong></span> <span class='ocrx_word' id='word_1_153' title='bbox 508 2946 569 3010; x_wconf 75' lang='lat' dir='ltr'><strong>47,ss</strong></span> 
     </span>
    </p>

    <p class='ocr_par' dir='ltr' id='par_1_12' title="bbox 197 3034 859 3722">
     <span class='ocr_line' id='line_1_31' title="bbox 197 3034 853 3108; baseline -0.011 -16"><span class='ocrx_word' id='word_1_154' title='bbox 197 3039 255 3093; x_wconf 87' lang='grc' dir='ltr'><strong>ὑπό</strong></span> <span class='ocrx_word' id='word_1_155' title='bbox 268 3055 288 3091; x_wconf 84' lang='lat' dir='ltr'><strong>c.</strong></span> <span class='ocrx_word' id='word_1_156' title='bbox 300 3055 360 3108; x_wconf 79' lang='lat' dir='ltr'><strong>gen.</strong></span> <span class='ocrx_word' id='word_1_157' title='bbox 373 3038 432 3094; x_wconf 85' lang='grc' dir='ltr'><strong>τοὺς</strong></span> <span class='ocrx_word' id='word_1_158' title='bbox 444 3034 581 3104; x_wconf 90' lang='grc' dir='ltr'><strong>ἀναγκαίης</strong></span> <span class='ocrx_word' id='word_1_159' title='bbox 594 3034 643 3088; x_wconf 85' lang='grc' dir='ltr'><strong>ὑπὸ</strong></span> <span class='ocrx_word' id='word_1_160' title='bbox 653 3038 751 3105; x_wconf 83' lang='grc' dir='ltr'><strong>χρειοὺς</strong></span> <span class='ocrx_word' id='word_1_161' title='bbox 764 3035 853 3105; x_wconf 76' lang='grc' dir='ltr'><strong>φυγάν·</strong></span> 
     </span>
     <span class='ocr_line' id='line_1_32' title="bbox 249 3122 857 3191; baseline -0.007 -12"><span class='ocrx_word' id='word_1_162' title='bbox 249 3145 295 3184; x_wconf 89' lang='grc' dir='ltr'><strong>τας</strong></span> <span class='ocrx_word' id='word_1_163' title='bbox 314 3122 467 3191; x_wconf 85' lang='grc'><strong>80101618</strong></span> <span class='ocrx_word' id='word_1_164' title='bbox 499 3124 574 3175; x_wconf 81' lang='lat' dir='ltr'>iuxta</span> <span class='ocrx_word' id='word_1_165' title='bbox 592 3124 690 3190; x_wconf 66' lang='grc' dir='ltr'><strong>μισεῖν,</strong></span> <span class='ocrx_word' id='word_1_166' title='bbox 704 3123 764 3187; x_wconf 75' lang='grc'><strong>864</strong></span> <span class='ocrx_word' id='word_1_167' title='bbox 778 3123 857 3189; x_wconf 84' lang='grc'><strong>8613</strong></span> 
     </span>
     <span class='ocr_line' id='line_1_33' title="bbox 250 3210 857 3279; baseline -0.007 -13"><span class='ocrx_word' id='word_1_168' title='bbox 250 3213 329 3279; x_wconf 83' lang='grc'><strong>3683</strong></span> <span class='ocrx_word' id='word_1_169' title='bbox 352 3212 439 3279; x_wconf 79' lang='grc'><strong>3611.</strong></span> <span class='ocrx_word' id='word_1_170' title='bbox 455 3211 485 3264; x_wconf 93' lang='grc'><strong>18</strong></span> <span class='ocrx_word' id='word_1_171' title='bbox 506 3210 583 3276; x_wconf 89' lang='grc'><strong>3611</strong></span> <span class='ocrx_word' id='word_1_172' title='bbox 604 3210 660 3275; x_wconf 75' lang='grc'><strong>361</strong></span> <span class='ocrx_word' id='word_1_173' title='bbox 682 3210 796 3276; x_wconf 74' lang='grc'><strong>96618</strong></span> <span class='ocrx_word' id='word_1_174' title='bbox 815 3211 857 3276; x_wconf 88' lang='grc'><strong>59,</strong></span> 
     </span>
     <span class='ocr_line' id='line_1_34' title="bbox 254 3298 857 3366; baseline -0.003 -12"><span class='ocrx_word' id='word_1_175' title='bbox 254 3303 283 3355; x_wconf 94' lang='grc'><strong>11</strong></span> <span class='ocrx_word' id='word_1_176' title='bbox 299 3301 377 3366; x_wconf 83' lang='grc'><strong>6614</strong></span> <span class='ocrx_word' id='word_1_177' title='bbox 390 3299 451 3361; x_wconf 79' lang='grc'><strong>764</strong></span> <span class='ocrx_word' id='word_1_178' title='bbox 464 3298 523 3364; x_wconf 80' lang='grc'><strong>’161</strong></span> <span class='ocrx_word' id='word_1_179' title='bbox 539 3298 617 3362; x_wconf 71' lang='grc'><strong>7618</strong></span> <span class='ocrx_word' id='word_1_180' title='bbox 652 3298 701 3352; x_wconf 86' lang='grc' dir='ltr'><strong>ὑπὸ</strong></span> <span class='ocrx_word' id='word_1_181' title='bbox 720 3306 772 3351; x_wconf 91' lang='grc' dir='ltr'><strong>τῶν</strong></span> <span class='ocrx_word' id='word_1_182' title='bbox 792 3300 857 3352; x_wconf 90' lang='grc' dir='ltr'><strong>ἀντι-</strong></span> 
     </span>
     <span class='ocr_line' id='line_1_35' title="bbox 252 3384 857 3451; baseline -0.005 -11"><span class='ocrx_word' id='word_1_183' title='bbox 252 3392 399 3440; x_wconf 82' lang='grc' dir='ltr'><strong>στασιωτῶν</strong></span> <span class='ocrx_word' id='word_1_184' title='bbox 423 3392 503 3439; x_wconf 80' lang='grc' dir='ltr'><strong>ταῠτα</strong></span> <span class='ocrx_word' id='word_1_185' title='bbox 525 3384 660 3443; x_wconf 83' lang='grc' dir='ltr'><strong>πτπονθιὺς</strong></span> <span class='ocrx_word' id='word_1_186' title='bbox 688 3386 768 3451; x_wconf 78' lang='grc'><strong>1619</strong></span> <span class='ocrx_word' id='word_1_187' title='bbox 805 3385 857 3438; x_wconf 92' lang='grc' dir='ltr'><strong>ἐτε-</strong></span> 
     </span>
     <span class='ocr_line' id='line_1_36' title="bbox 253 3472 857 3546; baseline -0.005 -19"><span class='ocrx_word' id='word_1_188' title='bbox 253 3475 371 3546; x_wconf 87' lang='grc' dir='ltr'><strong>λεὺτησεν</strong></span> <span class='ocrx_word' id='word_1_189' title='bbox 391 3474 439 3527; x_wconf 85' lang='grc' dir='ltr'><strong>ὑπὸ</strong></span> <span class='ocrx_word' id='word_1_190' title='bbox 462 3481 515 3527; x_wconf 94' lang='grc' dir='ltr'><strong>τῶν</strong></span> <span class='ocrx_word' id='word_1_191' title='bbox 534 3475 682 3545; x_wconf 89' lang='grc' dir='ltr'><strong>δορυφόρων</strong></span> <span class='ocrx_word' id='word_1_192' title='bbox 705 3474 770 3538; x_wconf 73' lang='grc'><strong>863</strong></span> <span class='ocrx_word' id='word_1_193' title='bbox 807 3472 857 3534; x_wconf 77' lang='grc' dir='ltr'><strong>ἐξέ-</strong></span> 
     </span>
     <span class='ocr_line' id='line_1_37' title="bbox 255 3558 859 3632; baseline -0.005 -15"><span class='ocrx_word' id='word_1_194' title='bbox 255 3579 328 3617; x_wconf 86' lang='grc' dir='ltr'><strong>πεσεν</strong></span> <span class='ocrx_word' id='word_1_195' title='bbox 356 3562 405 3615; x_wconf 85' lang='grc' dir='ltr'><strong>ὑπὸ</strong></span> <span class='ocrx_word' id='word_1_196' title='bbox 429 3558 589 3630; x_wconf 77' lang='grc' dir='ltr'><strong>Κλεομένους</strong></span> <span class='ocrx_word' id='word_1_197' title='bbox 613 3562 695 3626; x_wconf 74' lang='grc'><strong>8683</strong></span> <span class='ocrx_word' id='word_1_198' title='bbox 736 3561 785 3614; x_wconf 86' lang='grc' dir='ltr'><strong>ὑπὸ</strong></span> <span class='ocrx_word' id='word_1_199' title='bbox 812 3567 859 3632; x_wconf 82' lang='grc' dir='ltr'><strong>τῆς</strong></span> 
     </span>
     <span class='ocr_line' id='line_1_38' title="bbox 252 3649 721 3722; baseline -0.011 -16"><span class='ocrx_word' id='word_1_200' title='bbox 252 3653 328 3722; x_wconf 82' lang='grc' dir='ltr'><strong>ἀργῆς</strong></span> <span class='ocrx_word' id='word_1_201' title='bbox 345 3651 375 3704; x_wconf 91' lang='grc' dir='ltr'><strong>οὑ</strong></span> <span class='ocrx_word' id='word_1_202' title='bbox 394 3652 516 3719; x_wconf 72' lang='grc' dir='ltr'><strong>κατέσχεν</strong></span> <span class='ocrx_word' id='word_1_203' title='bbox 535 3650 625 3702; x_wconf 87' lang='grc' dir='ltr'><strong>ἐαυτόν</strong></span> <span class='ocrx_word' id='word_1_204' title='bbox 645 3649 721 3715; x_wconf 76' lang='grc'><strong>8616</strong></span> 
     </span>
    </p>

    <p class='ocr_par' dir='ltr' id='par_1_13' title="bbox 199 3738 613 3812">
     <span class='ocr_line' id='line_1_39' title="bbox 199 3738 613 3812; baseline -0.014 -16"><span class='ocrx_word' id='word_1_205' title='bbox 199 3738 390 3812; x_wconf 88' lang='grc' dir='ltr'><strong>ὑποβάλλειν</strong></span> <span class='ocrx_word' id='word_1_206' title='bbox 410 3738 533 3809; x_wconf 84' lang='grc' dir='ltr'><strong>(ψήφους)</strong></span> <span class='ocrx_word' id='word_1_207' title='bbox 552 3738 613 3804; x_wconf 74' lang='grc'><strong>865</strong></span> 
     </span>
    </p>

    <p class='ocr_par' dir='ltr' id='par_1_14' title="bbox 198 3825 598 3899">
     <span class='ocr_line' id='line_1_40' title="bbox 198 3825 598 3899; baseline -0.008 -20"><span class='ocrx_word' id='word_1_208' title='bbox 198 3830 363 3899; x_wconf 73' lang='grc' dir='ltr'><strong>ὑπογραφὴ</strong></span> <span class='ocrx_word' id='word_1_209' title='bbox 383 3827 536 3878; x_wconf 76' lang='lat' dir='ltr'><strong><em>adumbratio</em></strong></span> <span class='ocrx_word' id='word_1_210' title='bbox 555 3825 598 3891; x_wconf 84' lang='lat'><strong>5,9</strong></span> 
     </span>
    </p>

    <p class='ocr_par' dir='ltr' id='par_1_15' title="bbox 199 3909 857 4074">
     <span class='ocr_line' id='line_1_41' title="bbox 199 3909 857 3985; baseline -0.012 -14"><span class='ocrx_word' id='word_1_211' title='bbox 199 3917 431 3972; x_wconf 74' lang='grc' dir='ltr'><strong>ὑποδεικνύναι.</strong></span> <span class='ocrx_word' id='word_1_212' title='bbox 468 3915 580 3967; x_wconf 88' lang='grc' dir='ltr'><strong>πολιτεία</strong></span> <span class='ocrx_word' id='word_1_213' title='bbox 599 3913 630 3983; x_wconf 81' lang='grc' dir='ltr'><strong>ήν</strong></span> <span class='ocrx_word' id='word_1_214' title='bbox 643 3909 793 3985; x_wconf 84' lang='grc' dir='ltr'><strong>’Λριστείδης</strong></span> <span class='ocrx_word' id='word_1_215' title='bbox 812 3914 857 3980; x_wconf 81' lang='grc' dir='ltr'><strong>μὲν</strong></span> 
     </span>
     <span class='ocr_line' id='line_1_42' title="bbox 252 3999 811 4074; baseline -0.013 -14"><span class='ocrx_word' id='word_1_216' title='bbox 252 4005 378 4067; x_wconf 79' lang='grc' dir='ltr'><strong>ὑπέδειξεν</strong></span> <span class='ocrx_word' id='word_1_217' title='bbox 393 4001 534 4074; x_wconf 77' lang='grc' dir='ltr'><strong>Ἐφιάλτης</strong></span> <span class='ocrx_word' id='word_1_218' title='bbox 552 3999 575 4054; x_wconf 64' lang='grc' dir='ltr'><strong>δ’</strong></span> <span class='ocrx_word' id='word_1_219' title='bbox 591 4001 732 4054; x_wconf 85' lang='grc' dir='ltr'><strong>ἐπετέλεσεν</strong></span> <span class='ocrx_word' id='word_1_220' title='bbox 751 4001 811 4066; x_wconf 86' lang='grc'><strong>43,8</strong></span> 
     </span>
    </p>

    <p class='ocr_par' dir='ltr' id='par_1_16' title="bbox 199 4076 857 4249">
     <span class='ocr_line' id='line_1_43' title="bbox 199 4076 857 4164; baseline -0.012 -15"><span class='ocrx_word' id='word_1_221' title='bbox 199 4092 429 4164; x_wconf 86' lang='grc' dir='ltr'><strong>ὑποζιυγνὺναι</strong></span> <span class='ocrx_word' id='word_1_222' title='bbox 457 4091 558 4163; x_wconf 84' lang='grc' dir='ltr'><strong>(μοιχὸν</strong></span> <span class='ocrx_word' id='word_1_223' title='bbox 588 4093 625 4157; x_wconf 82' lang='grc' dir='ltr'><strong>τῷ</strong></span> <span class='ocrx_word' id='word_1_224' title='bbox 656 4089 760 4159; x_wconf 90' lang='grc' dir='ltr'><strong>ἀρματι)</strong></span> <span class='ocrx_word' id='word_1_225' title='bbox 789 4076 857 4158; x_wconf 77' lang='lat' dir='ltr'><strong>Ep&#39;it.</strong></span> 
     </span>
     <span class='ocr_line' id='line_1_44' title="bbox 255 4181 452 4249; baseline -0.02 -13"><span class='ocrx_word' id='word_1_226' title='bbox 255 4185 315 4236; x_wconf 84' lang='lat' dir='ltr'>Her.</span> <span class='ocrx_word' id='word_1_227' title='bbox 335 4199 360 4249; x_wconf 86' lang='lat' dir='ltr'><strong>p.</strong></span> <span class='ocrx_word' id='word_1_228' title='bbox 374 4181 452 4245; x_wconf 77' lang='grc'><strong>8683</strong></span> 
     </span>
    </p>

    <p class='ocr_par' dir='ltr' id='par_1_17' title="bbox 200 4266 724 4340">
     <span class='ocr_line' id='line_1_45' title="bbox 200 4266 724 4340; baseline -0.019 -14"><span class='ocrx_word' id='word_1_229' title='bbox 200 4271 383 4340; x_wconf 85' lang='grc' dir='ltr'><strong>ὑποζὺγιον.</strong></span> <span class='ocrx_word' id='word_1_230' title='bbox 420 4267 563 4336; x_wconf 72' lang='grc' dir='ltr'><strong>ὑποζυγίων</strong></span> <span class='ocrx_word' id='word_1_231' title='bbox 582 4266 649 4319; x_wconf 87' lang='grc' dir='ltr'><strong>δίκαι</strong></span> <span class='ocrx_word' id='word_1_232' title='bbox 668 4266 724 4329; x_wconf 68' lang='grc'><strong>561</strong></span> 
     </span>
    </p>

    <p class='ocr_par' dir='ltr' id='par_1_18' title="bbox 176 4356 624 4426">
     <span class='ocr_line' id='line_1_46' title="bbox 176 4356 624 4426; baseline -0.018 -13"><span class='ocrx_word' id='word_1_233' title='bbox 176 4407 179 4413; x_wconf 74' lang='grc'><strong><em>,</em></strong></span> <span class='ocrx_word' id='word_1_234' title='bbox 201 4358 381 4416; x_wconf 83' lang='grc' dir='ltr'><strong>ὑπόλοιπος.</strong></span> <span class='ocrx_word' id='word_1_235' title='bbox 419 4356 529 4426; x_wconf 79' lang='grc' dir='ltr'><strong>(ἡμέραι)</strong></span> <span class='ocrx_word' id='word_1_236' title='bbox 549 4356 624 4422; x_wconf 69' lang='grc'><strong>4681</strong></span> 
     </span>
    </p>

    <p class='ocr_par' dir='ltr' id='par_1_19' title="bbox 202 4441 755 4511">
     <span class='ocr_line' id='line_1_47' title="bbox 202 4441 755 4511; baseline -0.014 -11"><span class='ocrx_word' id='word_1_237' title='bbox 202 4449 376 4500; x_wconf 86' lang='grc' dir='ltr'><strong>ὑποποιεῑν.</strong></span> <span class='ocrx_word' id='word_1_238' title='bbox 414 4445 482 4498; x_wconf 81' lang='lat' dir='ltr'>med.</span> <span class='ocrx_word' id='word_1_239' title='bbox 496 4441 564 4505; x_wconf 72' lang='grc' dir='ltr'><strong>(τοὺς</strong></span> <span class='ocrx_word' id='word_1_240' title='bbox 583 4441 693 4511; x_wconf 80' lang='grc' dir='ltr'><strong>ἐτέρους)</strong></span> <span class='ocrx_word' id='word_1_241' title='bbox 714 4442 755 4508; x_wconf 73' lang='grc'><strong>65</strong></span> 
     </span>
    </p>

    <p class='ocr_par' dir='ltr' id='par_1_20' title="bbox 202 4529 860 4686">
     <span class='ocr_line' id='line_1_48' title="bbox 202 4529 860 4599; baseline -0.008 -12"><span class='ocrx_word' id='word_1_242' title='bbox 202 4533 405 4592; x_wconf 84' lang='grc' dir='ltr'><strong>ὑπόσπονδος.</strong></span> <span class='ocrx_word' id='word_1_243' title='bbox 442 4533 537 4588; x_wconf 84' lang='grc' dir='ltr'><strong>πάντας</strong></span> <span class='ocrx_word' id='word_1_244' title='bbox 560 4530 664 4599; x_wconf 79' lang='grc' dir='ltr'><strong>ἀφεῖσαν</strong></span> <span class='ocrx_word' id='word_1_245' title='bbox 689 4529 860 4588; x_wconf 82' lang='grc' dir='ltr'><strong>ὑποσπόνδους</strong></span> 
     </span>
     <span class='ocr_line' id='line_1_49' title="bbox 256 4624 313 4686; baseline -0.035 -11"><span class='ocrx_word' id='word_1_246' title='bbox 256 4624 313 4686; x_wconf 88' lang='grc'><strong>84,1</strong></span> 
     </span>
    </p>

    <p class='ocr_par' dir='ltr' id='par_1_21' title="bbox 202 4707 861 4863">
     <span class='ocr_line' id='line_1_50' title="bbox 202 4707 861 4782; baseline -0.005 -19"><span class='ocrx_word' id='word_1_247' title='bbox 202 4709 368 4782; x_wconf 79' lang='grc' dir='ltr'><strong>ὑποφέρειν</strong></span> <span class='ocrx_word' id='word_1_248' title='bbox 382 4725 452 4778; x_wconf 80' lang='lat' dir='ltr'><strong>pass.</strong></span> <span class='ocrx_word' id='word_1_249' title='bbox 467 4708 597 4759; x_wconf 75' lang='lat' dir='ltr'><em>debilitare</em></span> <span class='ocrx_word' id='word_1_250' title='bbox 611 4710 686 4773; x_wconf 91' lang='grc' dir='ltr'><strong>(κατά</strong></span> <span class='ocrx_word' id='word_1_251' title='bbox 706 4707 805 4776; x_wconf 90' lang='grc' dir='ltr'><strong>μικρόν)</strong></span> <span class='ocrx_word' id='word_1_252' title='bbox 818 4707 861 4772; x_wconf 87' lang='grc'><strong>88,</strong></span> 
     </span>
     <span class='ocr_line' id='line_1_51' title="bbox 255 4798 431 4863; baseline -0.011 -12"><span class='ocrx_word' id='word_1_253' title='bbox 255 4800 289 4852; x_wconf 81' lang='grc'><strong>84</strong></span> <span class='ocrx_word' id='word_1_254' title='bbox 308 4800 340 4851; x_wconf 76' lang='grc' dir='ltr'><strong>τί.</strong></span> <span class='ocrx_word' id='word_1_255' title='bbox 354 4798 431 4863; x_wconf 84' lang='grc'><strong>3616</strong></span> 
     </span>
    </p>

    <p class='ocr_par' dir='ltr' id='par_1_22' title="bbox 203 4882 756 4957">
     <span class='ocr_line' id='line_1_52' title="bbox 203 4882 756 4957; baseline -0.007 -18"><span class='ocrx_word' id='word_1_256' title='bbox 203 4886 318 4957; x_wconf 71' lang='grc' dir='ltr'><strong>ὑποψία</strong></span> <span class='ocrx_word' id='word_1_257' title='bbox 338 4891 400 4952; x_wconf 87' lang='grc' dir='ltr'><strong>(τῶν</strong></span> <span class='ocrx_word' id='word_1_258' title='bbox 420 4887 445 4939; x_wconf 92' lang='grc' dir='ltr'><strong>ἐν</strong></span> <span class='ocrx_word' id='word_1_259' title='bbox 464 4893 516 4944; x_wconf 91' lang='grc' dir='ltr'><strong>ταῖς</strong></span> <span class='ocrx_word' id='word_1_260' title='bbox 535 4886 677 4953; x_wconf 85' lang='grc' dir='ltr'><strong>δυνάμεσιν)</strong></span> <span class='ocrx_word' id='word_1_261' title='bbox 696 4882 756 4945; x_wconf 78' lang='grc'><strong>865</strong></span> 
     </span>
    </p>
   </div>
   <div class='ocr_carea' id='block_1_3' title="bbox 1388 304 1560 359">
    <p class='ocr_par' dir='ltr' id='par_1_23' title="bbox 1388 304 1560 359">
     <span class='ocr_line' id='line_1_53' title="bbox 1388 304 1560 359; baseline 0 -1"><span class='ocrx_word' id='word_1_262' title='bbox 1388 305 1400 358; x_wconf 93' lang='lat'><em>1</em></span> <span class='ocrx_word' id='word_1_263' title='bbox 1428 304 1560 359; x_wconf 80' lang='lat' dir='ltr'>INDEX</span> 
     </span>
    </p>
   </div>
   <div class='ocr_carea' id='block_1_4' title="bbox 900 479 1564 1613">
    <p class='ocr_par' dir='ltr' id='par_1_24' title="bbox 900 479 1561 642">
     <span class='ocr_line' id='line_1_54' title="bbox 900 479 1561 552; baseline -0.005 -18"><span class='ocrx_word' id='word_1_264' title='bbox 900 482 1070 551; x_wconf 84' lang='grc' dir='ltr'><strong>ὑστεραῖος.</strong></span> <span class='ocrx_word' id='word_1_265' title='bbox 1112 482 1145 552; x_wconf 82' lang='grc' dir='ltr'><strong>τῇ</strong></span> <span class='ocrx_word' id='word_1_266' title='bbox 1167 479 1284 552; x_wconf 65' lang='grc' dir='ltr'><strong>ὑστεραία</strong></span> <span class='ocrx_word' id='word_1_267' title='bbox 1306 480 1389 545; x_wconf 83' lang='grc'><strong>3685</strong></span> <span class='ocrx_word' id='word_1_268' title='bbox 1434 479 1510 547; x_wconf 83' lang='grc' dir='ltr'><strong>(ορρ.</strong></span> <span class='ocrx_word' id='word_1_269' title='bbox 1527 481 1561 548; x_wconf 74' lang='grc' dir='ltr'><strong>τῇ</strong></span> 
     </span>
     <span class='ocr_line' id='line_1_55' title="bbox 953 568 1195 642; baseline -0.017 -18"><span class='ocrx_word' id='word_1_270' title='bbox 953 569 1098 642; x_wconf 86' lang='grc' dir='ltr'><strong>προτεραίφ)</strong></span> <span class='ocrx_word' id='word_1_271' title='bbox 1117 568 1195 632; x_wconf 74' lang='grc'><strong>5619</strong></span> 
     </span>
    </p>

    <p class='ocr_par' dir='ltr' id='par_1_25' title="bbox 901 654 1564 1434">
     <span class='ocr_line' id='line_1_56' title="bbox 901 654 1561 728; baseline -0.012 -15"><span class='ocrx_word' id='word_1_272' title='bbox 901 658 1035 728; x_wconf 84' lang='grc' dir='ltr'><strong>ὕστερος.</strong></span> <span class='ocrx_word' id='word_1_273' title='bbox 1066 661 1106 727; x_wconf 78' lang='grc' dir='ltr'><strong>τῷ</strong></span> <span class='ocrx_word' id='word_1_274' title='bbox 1118 657 1214 727; x_wconf 89' lang='grc' dir='ltr'><strong>ὑστέριρ</strong></span> <span class='ocrx_word' id='word_1_275' title='bbox 1228 657 1278 709; x_wconf 82' lang='grc' dir='ltr'><strong>ἔτει</strong></span> <span class='ocrx_word' id='word_1_276' title='bbox 1290 656 1369 720; x_wconf 89' lang='grc'><strong>8618</strong></span> <span class='ocrx_word' id='word_1_277' title='bbox 1399 656 1443 710; x_wconf 85' lang='grc' dir='ltr'><strong>τὸν</strong></span> <span class='ocrx_word' id='word_1_278' title='bbox 1456 654 1561 725; x_wconf 82' lang='grc' dir='ltr'><strong>ὕστερον</strong></span> 
     </span>
     <span class='ocr_line' id='line_1_57' title="bbox 953 743 1561 816; baseline -0.01 -15"><span class='ocrx_word' id='word_1_279' title='bbox 953 748 1001 815; x_wconf 80' lang='lat' dir='ltr'><strong>(sc.</strong></span> <span class='ocrx_word' id='word_1_280' title='bbox 1014 745 1127 800; x_wconf 86' lang='grc' dir='ltr'><strong>ἐνιαυτὸν</strong></span> <span class='ocrx_word' id='word_1_281' title='bbox 1145 745 1266 816; x_wconf 90' lang='grc' dir='ltr'><strong>διάγουσι)</strong></span> <span class='ocrx_word' id='word_1_282' title='bbox 1282 744 1362 811; x_wconf 74' lang='grc'><strong>4680</strong></span> <span class='ocrx_word' id='word_1_283' title='bbox 1380 746 1416 798; x_wconf 76' lang='lat' dir='ltr'><strong>cf:</strong></span> <span class='ocrx_word' id='word_1_284' title='bbox 1424 744 1504 809; x_wconf 87' lang='grc'><strong>4613</strong></span> <span class='ocrx_word' id='word_1_285' title='bbox 1536 743 1561 795; x_wconf 81' lang='grc' dir='ltr'><strong>αἱ</strong></span> 
     </span>
     <span class='ocr_line' id='line_1_58' title="bbox 954 816 1561 906; baseline -0.005 -19"><span class='ocrx_word' id='word_1_286' title='bbox 954 837 999 905; x_wconf 77' lang='grc' dir='ltr'><strong>μέν</strong></span> <span class='ocrx_word' id='word_1_287' title='bbox 1018 841 1117 906; x_wconf 89' lang='grc' dir='ltr'><strong>πρῶται</strong></span> <span class='ocrx_word' id='word_1_288' title='bbox 1140 835 1257 905; x_wconf 90' lang='grc' dir='ltr'><strong>τέτταρες</strong></span> <span class='ocrx_word' id='word_1_289' title='bbox 1275 831 1394 903; x_wconf 91' lang='grc' dir='ltr'><strong>(φυλαί).</strong></span> <span class='ocrx_word' id='word_1_290' title='bbox 1409 832 1474 886; x_wconf 80' lang='grc' dir='ltr'><strong>..αἱ</strong></span> <span class='ocrx_word' id='word_1_291' title='bbox 1496 831 1523 884; x_wconf 82' lang='grc' dir='ltr'><strong>δέ</strong></span> <span class='ocrx_word' id='word_1_292' title='bbox 1541 816 1561 892; x_wconf 81' lang='grc' dir='ltr'><strong>ζ</strong></span> 
     </span>
     <span class='ocr_line' id='line_1_59' title="bbox 954 919 1561 994; baseline -0.007 -18"><span class='ocrx_word' id='word_1_293' title='bbox 954 923 980 976; x_wconf 87' lang='grc' dir='ltr'><strong>αἱ</strong></span> <span class='ocrx_word' id='word_1_294' title='bbox 992 921 1092 994; x_wconf 79' lang='grc' dir='ltr'><strong>ὕστεραι</strong></span> <span class='ocrx_word' id='word_1_295' title='bbox 1104 922 1162 986; x_wconf 92' lang='grc'><strong>461</strong></span> <span class='ocrx_word' id='word_1_296' title='bbox 1184 922 1243 975; x_wconf 81' lang='lat' dir='ltr'><strong>adv.</strong></span> <span class='ocrx_word' id='word_1_297' title='bbox 1257 920 1299 985; x_wconf 75' lang='grc'><strong>68</strong></span> <span class='ocrx_word' id='word_1_298' title='bbox 1319 920 1377 988; x_wconf 75' lang='grc'><strong>168</strong></span> <span class='ocrx_word' id='word_1_299' title='bbox 1394 921 1501 986; x_wconf 78' lang='grc'><strong>16611</strong></span> <span class='ocrx_word' id='word_1_300' title='bbox 1518 919 1561 985; x_wconf 91' lang='grc'><strong>81,</strong></span> 
     </span>
     <span class='ocr_line' id='line_1_60' title="bbox 954 1008 1562 1078; baseline 0.002 -14"><span class='ocrx_word' id='word_1_301' title='bbox 954 1012 1002 1064; x_wconf 88' lang='grc'><strong>4.9</strong></span> <span class='ocrx_word' id='word_1_302' title='bbox 1012 1011 1072 1076; x_wconf 75' lang='grc'><strong>864</strong></span> <span class='ocrx_word' id='word_1_303' title='bbox 1080 1010 1157 1077; x_wconf 91' lang='grc'><strong>8618</strong></span> <span class='ocrx_word' id='word_1_304' title='bbox 1168 1008 1246 1074; x_wconf 87' lang='grc'><strong>3619</strong></span> <span class='ocrx_word' id='word_1_305' title='bbox 1257 1008 1349 1074; x_wconf 78' lang='grc'><strong>3664</strong></span> <span class='ocrx_word' id='word_1_306' title='bbox 1358 1009 1436 1072; x_wconf 80' lang='grc'><strong>4611</strong></span> <span class='ocrx_word' id='word_1_307' title='bbox 1447 1008 1507 1078; x_wconf 73' lang='grc'><strong>465</strong></span> <span class='ocrx_word' id='word_1_308' title='bbox 1518 1012 1562 1076; x_wconf 86' lang='grc'><strong>44,</strong></span> 
     </span>
     <span class='ocr_line' id='line_1_61' title="bbox 932 1094 1563 1166; baseline 0.002 -14"><span class='ocrx_word' id='word_1_309' title='bbox 932 1118 936 1124; x_wconf 95' lang='grc'><strong><em>·</em></strong></span> <span class='ocrx_word' id='word_1_310' title='bbox 955 1099 990 1154; x_wconf 86' lang='grc'><strong>80</strong></span> <span class='ocrx_word' id='word_1_311' title='bbox 1001 1098 1060 1164; x_wconf 81' lang='grc'><strong>761</strong></span> <span class='ocrx_word' id='word_1_312' title='bbox 1076 1097 1154 1163; x_wconf 76' lang='grc'><strong>8618</strong></span> <span class='ocrx_word' id='word_1_313' title='bbox 1181 1095 1283 1154; x_wconf 88' lang='grc' dir='ltr'><strong>πολλοῖς</strong></span> <span class='ocrx_word' id='word_1_314' title='bbox 1295 1094 1396 1166; x_wconf 81' lang='grc' dir='ltr'><strong>ὕστερον</strong></span> <span class='ocrx_word' id='word_1_315' title='bbox 1410 1097 1488 1152; x_wconf 88' lang='grc' dir='ltr'><strong>έτεσιν</strong></span> <span class='ocrx_word' id='word_1_316' title='bbox 1500 1100 1563 1162; x_wconf 76' lang='grc'><strong>618</strong></span> 
     </span>
     <span class='ocr_line' id='line_1_62' title="bbox 955 1183 1563 1257; baseline 0 -17"><span class='ocrx_word' id='word_1_317' title='bbox 955 1186 1065 1252; x_wconf 73' lang='grc'><strong>01365</strong></span> <span class='ocrx_word' id='word_1_318' title='bbox 1088 1185 1171 1250; x_wconf 81' lang='grc'><strong>4616</strong></span> <span class='ocrx_word' id='word_1_319' title='bbox 1208 1185 1249 1238; x_wconf 84' lang='grc' dir='ltr'><strong>ἐπὶ</strong></span> <span class='ocrx_word' id='word_1_320' title='bbox 1270 1189 1316 1255; x_wconf 80' lang='grc' dir='ltr'><strong>τῆς</strong></span> <span class='ocrx_word' id='word_1_321' title='bbox 1338 1183 1443 1255; x_wconf 79' lang='grc' dir='ltr'><strong>ὕστερον</strong></span> <span class='ocrx_word' id='word_1_322' title='bbox 1468 1186 1563 1257; x_wconf 78' lang='grc' dir='ltr'><strong>βουλῆς</strong></span> 
     </span>
     <span class='ocr_line' id='line_1_63' title="bbox 954 1271 1564 1344; baseline -0.007 -15"><span class='ocrx_word' id='word_1_323' title='bbox 954 1275 1039 1342; x_wconf 86' lang='grc'><strong>4684</strong></span> <span class='ocrx_word' id='word_1_324' title='bbox 1080 1290 1102 1328; x_wconf 81' lang='grc' dir='ltr'><strong>ς.</strong></span> <span class='ocrx_word' id='word_1_325' title='bbox 1121 1290 1180 1344; x_wconf 77' lang='lat' dir='ltr'>gen.</span> <span class='ocrx_word' id='word_1_326' title='bbox 1204 1273 1282 1326; x_wconf 88' lang='grc' dir='ltr'><strong>ίτεσιν</strong></span> <span class='ocrx_word' id='word_1_327' title='bbox 1305 1271 1408 1344; x_wconf 79' lang='grc' dir='ltr'><strong>ὕστερον</strong></span> <span class='ocrx_word' id='word_1_328' title='bbox 1435 1278 1482 1344; x_wconf 78' lang='grc' dir='ltr'><strong>τῆς</strong></span> <span class='ocrx_word' id='word_1_329' title='bbox 1509 1282 1564 1328; x_wconf 90' lang='grc' dir='ltr'><strong>τῶν</strong></span> 
     </span>
     <span class='ocr_line' id='line_1_64' title="bbox 955 1359 1564 1434; baseline -0.002 -17"><span class='ocrx_word' id='word_1_330' title='bbox 955 1366 1084 1434; x_wconf 90' lang='grc' dir='ltr'><strong>τυράννων</strong></span> <span class='ocrx_word' id='word_1_331' title='bbox 1110 1360 1217 1431; x_wconf 81' lang='grc' dir='ltr'><strong>ἐκβολῆς</strong></span> <span class='ocrx_word' id='word_1_332' title='bbox 1236 1359 1344 1429; x_wconf 86' lang='grc' dir='ltr'><strong>μάλιστα</strong></span> <span class='ocrx_word' id='word_1_333' title='bbox 1367 1361 1458 1415; x_wconf 78' lang='grc' dir='ltr'><strong>ἑκατόν</strong></span> <span class='ocrx_word' id='word_1_334' title='bbox 1476 1363 1521 1429; x_wconf 86' lang='grc'><strong>35,</strong></span> <span class='ocrx_word' id='word_1_335' title='bbox 1529 1364 1564 1416; x_wconf 84' lang='grc'><strong>84</strong></span> 
     </span>
    </p>

    <p class='ocr_par' dir='ltr' id='par_1_26' title="bbox 903 1448 1564 1613">
     <span class='ocr_line' id='line_1_65' title="bbox 903 1448 1564 1525; baseline -0.009 -17"><span class='ocrx_word' id='word_1_336' title='bbox 903 1455 1048 1525; x_wconf 82' lang='grc' dir='ltr'><strong>ὑφαιρεῖν</strong></span> <span class='ocrx_word' id='word_1_337' title='bbox 1071 1452 1125 1516; x_wconf 88' lang='grc' dir='ltr'><strong>(τάς</strong></span> <span class='ocrx_word' id='word_1_338' title='bbox 1143 1448 1296 1507; x_wconf 89' lang='grc' dir='ltr'><strong>ὑπολοίπους</strong></span> <span class='ocrx_word' id='word_1_339' title='bbox 1313 1451 1410 1520; x_wconf 82' lang='grc' dir='ltr'><strong>ἡμέρας</strong></span> <span class='ocrx_word' id='word_1_340' title='bbox 1431 1455 1478 1521; x_wconf 77' lang='grc' dir='ltr'><strong>τῆς</strong></span> <span class='ocrx_word' id='word_1_341' title='bbox 1502 1452 1564 1505; x_wconf 86' lang='grc' dir='ltr'><strong>ἀπο-</strong></span> 
     </span>
     <span class='ocr_line' id='line_1_66' title="bbox 956 1538 1160 1613; baseline -0.015 -20"><span class='ocrx_word' id='word_1_342' title='bbox 956 1540 1064 1613; x_wconf 75' lang='grc' dir='ltr'><strong>γραφῆς)</strong></span> <span class='ocrx_word' id='word_1_343' title='bbox 1084 1538 1160 1604; x_wconf 74' lang='grc'><strong>4681</strong></span> 
     </span>
    </p>
   </div>
   <div class='ocr_carea' id='block_1_5' title="bbox 904 1892 1576 4955">
    <p class='ocr_par' dir='ltr' id='par_1_27' title="bbox 905 1892 1569 2135">
     <span class='ocr_line' id='line_1_67' title="bbox 905 1892 1568 1962; baseline -0.006 -13"><span class='ocrx_word' id='word_1_344' title='bbox 905 1892 1041 1949; x_wconf 83' lang='grc' dir='ltr'><strong>Φαίνειν.</strong></span> <span class='ocrx_word' id='word_1_345' title='bbox 1086 1893 1153 1946; x_wconf 80' lang='lat' dir='ltr'><strong>med.</strong></span> <span class='ocrx_word' id='word_1_346' title='bbox 1174 1894 1302 1962; x_wconf 79' lang='grc' dir='ltr'><strong>φαίνονται</strong></span> <span class='ocrx_word' id='word_1_347' title='bbox 1329 1892 1368 1944; x_wconf 84' lang='grc' dir='ltr'><strong>ἀεὶ</strong></span> <span class='ocrx_word' id='word_1_348' title='bbox 1390 1894 1568 1954; x_wconf 74' lang='grc' dir='ltr'><strong>στασιάζοντες</strong></span> 
     </span>
     <span class='ocr_line' id='line_1_68' title="bbox 961 1976 1569 2052; baseline -0.007 -17"><span class='ocrx_word' id='word_1_349' title='bbox 961 1982 1017 2049; x_wconf 79' lang='grc'><strong>163</strong></span> <span class='ocrx_word' id='word_1_350' title='bbox 1048 1983 1128 2052; x_wconf 87' lang='grc' dir='ltr'><strong>ἐφάνη</strong></span> <span class='ocrx_word' id='word_1_351' title='bbox 1147 1981 1179 2033; x_wconf 81' lang='grc' dir='ltr'><strong>τά</strong></span> <span class='ocrx_word' id='word_1_352' title='bbox 1198 1979 1310 2048; x_wconf 89' lang='grc' dir='ltr'><strong>μέταλλα</strong></span> <span class='ocrx_word' id='word_1_353' title='bbox 1328 1981 1359 2033; x_wconf 84' lang='grc' dir='ltr'><strong>τά</strong></span> <span class='ocrx_word' id='word_1_354' title='bbox 1378 1981 1405 2032; x_wconf 84' lang='grc' dir='ltr'><strong>ἐν</strong></span> <span class='ocrx_word' id='word_1_355' title='bbox 1424 1976 1569 2051; x_wconf 73' lang='grc' dir='ltr'><strong>Μαρωνείᾳ</strong></span> 
     </span>
     <span class='ocr_line' id='line_1_69' title="bbox 958 2069 1035 2135; baseline -0.026 -12"><span class='ocrx_word' id='word_1_356' title='bbox 958 2069 1035 2135; x_wconf 90' lang='grc'><strong>8619</strong></span> 
     </span>
    </p>

    <p class='ocr_par' dir='ltr' id='par_1_28' title="bbox 904 2156 1572 2751">
     <span class='ocr_line' id='line_1_70' title="bbox 904 2156 1569 2230; baseline -0.003 -19"><span class='ocrx_word' id='word_1_357' title='bbox 904 2161 997 2230; x_wconf 89' lang='grc' dir='ltr'><strong>φάναι</strong></span> <span class='ocrx_word' id='word_1_358' title='bbox 1020 2157 1131 2226; x_wconf 78' lang='lat' dir='ltr'>(formae</span> <span class='ocrx_word' id='word_1_359' title='bbox 1158 2157 1231 2229; x_wconf 88' lang='grc' dir='ltr'><strong>φησί,</strong></span> <span class='ocrx_word' id='word_1_360' title='bbox 1260 2156 1332 2224; x_wconf 88' lang='grc' dir='ltr'><strong>φααί,</strong></span> <span class='ocrx_word' id='word_1_361' title='bbox 1361 2160 1412 2226; x_wconf 76' lang='grc' dir='ltr'><strong>φή,</strong></span> <span class='ocrx_word' id='word_1_362' title='bbox 1441 2157 1507 2226; x_wconf 77' lang='grc' dir='ltr'><strong>ἔφης</strong></span> <span class='ocrx_word' id='word_1_363' title='bbox 1534 2157 1569 2210; x_wconf 78' lang='lat' dir='ltr'><strong>de</strong></span> 
     </span>
     <span class='ocr_line' id='line_1_71' title="bbox 958 2243 1569 2315; baseline -0.003 -17"><span class='ocrx_word' id='word_1_364' title='bbox 958 2247 1048 2315; x_wconf 78' lang='lat' dir='ltr'>partic.</span> <span class='ocrx_word' id='word_1_365' title='bbox 1063 2262 1086 2297; x_wconf 90' lang='grc' dir='ltr'><strong>ν.</strong></span> <span class='ocrx_word' id='word_1_366' title='bbox 1100 2243 1217 2312; x_wconf 84' lang='grc' dir='ltr'><strong>φάσκειν)</strong></span> <span class='ocrx_word' id='word_1_367' title='bbox 1233 2244 1290 2307; x_wconf 89' lang='grc'><strong>168</strong></span> <span class='ocrx_word' id='word_1_368' title='bbox 1304 2244 1381 2308; x_wconf 82' lang='grc' dir='ltr'><strong>68,Ιό</strong></span> <span class='ocrx_word' id='word_1_369' title='bbox 1410 2262 1432 2298; x_wconf 86' lang='lat' dir='ltr'><strong>c.</strong></span> <span class='ocrx_word' id='word_1_370' title='bbox 1443 2244 1491 2298; x_wconf 79' lang='lat' dir='ltr'>inf.</span> <span class='ocrx_word' id='word_1_371' title='bbox 1506 2246 1569 2311; x_wconf 82' lang='lat'>6,17</span> 
     </span>
     <span class='ocr_line' id='line_1_72' title="bbox 957 2331 1570 2404; baseline -0.003 -18"><span class='ocrx_word' id='word_1_372' title='bbox 957 2333 1034 2399; x_wconf 83' lang='grc'><strong>6618</strong></span> <span class='ocrx_word' id='word_1_373' title='bbox 1062 2332 1138 2390; x_wconf 70' lang='grc' dir='ltr'><strong>αὐτὸς</strong></span> <span class='ocrx_word' id='word_1_374' title='bbox 1147 2332 1193 2398; x_wconf 88' lang='grc' dir='ltr'><strong>μέν</strong></span> <span class='ocrx_word' id='word_1_375' title='bbox 1203 2332 1251 2402; x_wconf 87' lang='grc' dir='ltr'><strong>έφη</strong></span> <span class='ocrx_word' id='word_1_376' title='bbox 1263 2331 1449 2404; x_wconf 82' lang='grc' dir='ltr'><strong>βεβοηθηκέναι</strong></span> <span class='ocrx_word' id='word_1_377' title='bbox 1479 2349 1502 2386; x_wconf 85' lang='grc'><strong>0.</strong></span> <span class='ocrx_word' id='word_1_378' title='bbox 1513 2349 1570 2386; x_wconf 80' lang='lat' dir='ltr'>acc.</span> 
     </span>
     <span class='ocr_line' id='line_1_73' title="bbox 958 2419 1570 2486; baseline -0.007 -11"><span class='ocrx_word' id='word_1_379' title='bbox 958 2421 1041 2475; x_wconf 80' lang='lat' dir='ltr'>c.inf.</span> <span class='ocrx_word' id='word_1_380' title='bbox 1060 2421 1121 2483; x_wconf 87' lang='grc'><strong>4,11</strong></span> <span class='ocrx_word' id='word_1_381' title='bbox 1145 2419 1192 2483; x_wconf 73' lang='grc'><strong>68</strong></span> <span class='ocrx_word' id='word_1_382' title='bbox 1215 2420 1294 2485; x_wconf 83' lang='grc'><strong>1611</strong></span> <span class='ocrx_word' id='word_1_383' title='bbox 1317 2422 1379 2484; x_wconf 88' lang='grc'><strong>168</strong></span> <span class='ocrx_word' id='word_1_384' title='bbox 1398 2420 1477 2486; x_wconf 86' lang='grc'><strong>8611</strong></span> <span class='ocrx_word' id='word_1_385' title='bbox 1523 2422 1570 2474; x_wconf 84' lang='grc' dir='ltr'><strong>ε’ἀν</strong></span> 
     </span>
     <span class='ocr_line' id='line_1_74' title="bbox 959 2506 1572 2578; baseline -0.003 -16"><span class='ocrx_word' id='word_1_386' title='bbox 959 2511 1103 2562; x_wconf 86' lang='grc' dir='ltr'><strong>ἀποκτεῖναι</strong></span> <span class='ocrx_word' id='word_1_387' title='bbox 1125 2509 1171 2576; x_wconf 92' lang='grc' dir='ltr'><strong>μέν</strong></span> <span class='ocrx_word' id='word_1_388' title='bbox 1194 2526 1231 2566; x_wconf 89' lang='grc' dir='ltr'><strong>τις</strong></span> <span class='ocrx_word' id='word_1_389' title='bbox 1254 2506 1378 2578; x_wconf 75' lang='grc' dir='ltr'><strong>ὁμολογῇ,</strong></span> <span class='ocrx_word' id='word_1_390' title='bbox 1399 2509 1437 2578; x_wconf 74' lang='grc' dir='ltr'><strong>φῇ</strong></span> <span class='ocrx_word' id='word_1_391' title='bbox 1455 2508 1482 2560; x_wconf 83' lang='grc' dir='ltr'><strong>δέ</strong></span> <span class='ocrx_word' id='word_1_392' title='bbox 1501 2509 1572 2560; x_wconf 88' lang='grc' dir='ltr'><strong>κατά</strong></span> 
     </span>
     <span class='ocr_line' id='line_1_75' title="bbox 958 2593 1570 2666; baseline -0.007 -16"><span class='ocrx_word' id='word_1_393' title='bbox 958 2600 1018 2655; x_wconf 87' lang='grc' dir='ltr'><strong>τοὺς</strong></span> <span class='ocrx_word' id='word_1_394' title='bbox 1045 2597 1136 2664; x_wconf 82' lang='grc' dir='ltr'><strong>νόμους</strong></span> <span class='ocrx_word' id='word_1_395' title='bbox 1162 2596 1223 2655; x_wconf 70' lang='grc'><strong>661</strong></span> <span class='ocrx_word' id='word_1_396' title='bbox 1268 2597 1303 2654; x_wconf 87' lang='grc' dir='ltr'><strong>ιὺς</strong></span> <span class='ocrx_word' id='word_1_397' title='bbox 1326 2593 1460 2665; x_wconf 86' lang='grc' dir='ltr'><strong>Ἡρόδοτός</strong></span> <span class='ocrx_word' id='word_1_398' title='bbox 1491 2612 1570 2666; x_wconf 88' lang='grc' dir='ltr'><strong>φησιν</strong></span> 
     </span>
     <span class='ocr_line' id='line_1_76' title="bbox 963 2683 1269 2751; baseline -0.013 -12"><span class='ocrx_word' id='word_1_399' title='bbox 963 2685 1038 2751; x_wconf 75' lang='grc'><strong>1613</strong></span> <span class='ocrx_word' id='word_1_400' title='bbox 1057 2686 1115 2737; x_wconf 88' lang='lat' dir='ltr'><strong>sim.</strong></span> <span class='ocrx_word' id='word_1_401' title='bbox 1128 2683 1171 2749; x_wconf 89' lang='grc'><strong>69</strong></span> <span class='ocrx_word' id='word_1_402' title='bbox 1191 2684 1269 2745; x_wconf 73' lang='grc'><strong>8610</strong></span> 
     </span>
    </p>

    <p class='ocr_par' dir='ltr' id='par_1_29' title="bbox 907 2769 1572 3190">
     <span class='ocr_line' id='line_1_77' title="bbox 907 2769 1571 2846; baseline -0.003 -18"><span class='ocrx_word' id='word_1_403' title='bbox 907 2773 1048 2846; x_wconf 86' lang='grc' dir='ltr'><strong>φανερός.</strong></span> <span class='ocrx_word' id='word_1_404' title='bbox 1097 2773 1122 2824; x_wconf 89' lang='grc' dir='ltr'><strong>έν</strong></span> <span class='ocrx_word' id='word_1_405' title='bbox 1154 2769 1222 2823; x_wconf 82' lang='grc' dir='ltr'><strong>οὑτω</strong></span> <span class='ocrx_word' id='word_1_406' title='bbox 1251 2780 1349 2844; x_wconf 87' lang='grc' dir='ltr'><strong>μικροῖς</strong></span> <span class='ocrx_word' id='word_1_407' title='bbox 1379 2773 1422 2824; x_wconf 82' lang='grc' dir='ltr'><strong>καὶ</strong></span> <span class='ocrx_word' id='word_1_408' title='bbox 1450 2781 1571 2842; x_wconf 91' lang='grc' dir='ltr'><strong>φανεροῖς</strong></span> 
     </span>
     <span class='ocr_line' id='line_1_78' title="bbox 959 2860 1571 2932; baseline -0.003 -17"><span class='ocrx_word' id='word_1_409' title='bbox 959 2861 1165 2932; x_wconf 84' lang='grc' dir='ltr'><strong>καταρρυπαίνειν</strong></span> <span class='ocrx_word' id='word_1_410' title='bbox 1185 2860 1274 2912; x_wconf 84' lang='grc' dir='ltr'><strong>ἑαυτόν</strong></span> <span class='ocrx_word' id='word_1_411' title='bbox 1293 2860 1336 2923; x_wconf 72' lang='grc'><strong>68</strong></span> <span class='ocrx_word' id='word_1_412' title='bbox 1372 2862 1473 2931; x_wconf 75' lang='grc' dir='ltr'><strong>ψήφους</strong></span> <span class='ocrx_word' id='word_1_413' title='bbox 1492 2879 1571 2931; x_wconf 79' lang='grc' dir='ltr'><strong>φανε-</strong></span> 
     </span>
     <span class='ocr_line' id='line_1_79' title="bbox 960 2947 1572 3021; baseline -0.005 -18"><span class='ocrx_word' id='word_1_414' title='bbox 960 2952 1004 3021; x_wconf 89' lang='grc' dir='ltr'><strong>ράς</strong></span> <span class='ocrx_word' id='word_1_415' title='bbox 1022 2949 1082 3021; x_wconf 80' lang='grc' dir='ltr'><strong>όροῖν</strong></span> <span class='ocrx_word' id='word_1_416' title='bbox 1101 2957 1152 3005; x_wconf 89' lang='grc' dir='ltr'><strong>τοῖς</strong></span> <span class='ocrx_word' id='word_1_417' title='bbox 1165 2947 1299 3005; x_wconf 80' lang='grc' dir='ltr'><strong>ἀντιδίκοις</strong></span> <span class='ocrx_word' id='word_1_418' title='bbox 1312 2948 1389 3012; x_wconf 81' lang='grc'><strong>8618</strong></span> <span class='ocrx_word' id='word_1_419' title='bbox 1421 2950 1479 3001; x_wconf 82' lang='grc' dir='ltr'><strong>αιίν.</strong></span> <span class='ocrx_word' id='word_1_420' title='bbox 1493 2967 1572 3017; x_wconf 89' lang='grc' dir='ltr'><strong>φανε-</strong></span> 
     </span>
     <span class='ocr_line' id='line_1_80' title="bbox 961 3035 1572 3108; baseline -0.003 -17"><span class='ocrx_word' id='word_1_421' title='bbox 961 3045 1010 3107; x_wconf 87' lang='grc' dir='ltr'><strong>ρῶς</strong></span> <span class='ocrx_word' id='word_1_422' title='bbox 1029 3036 1146 3106; x_wconf 80' lang='grc' dir='ltr'><strong>ληροῦσιν</strong></span> <span class='ocrx_word' id='word_1_423' title='bbox 1163 3036 1237 3100; x_wconf 88' lang='grc'><strong>1689</strong></span> <span class='ocrx_word' id='word_1_424' title='bbox 1269 3043 1383 3108; x_wconf 85' lang='grc' dir='ltr'><strong>φανερῶς</strong></span> <span class='ocrx_word' id='word_1_425' title='bbox 1401 3036 1465 3107; x_wconf 86' lang='grc' dir='ltr'><strong>ήσαν</strong></span> <span class='ocrx_word' id='word_1_426' title='bbox 1484 3035 1572 3089; x_wconf 76' lang='grc' dir='ltr'><strong>δοῦλοι</strong></span> 
     </span>
     <span class='ocr_line' id='line_1_81' title="bbox 961 3125 1040 3190; baseline -0.013 -12"><span class='ocrx_word' id='word_1_427' title='bbox 961 3125 1040 3190; x_wconf 75' lang='grc'><strong>4685</strong></span> 
     </span>
    </p>

    <p class='ocr_par' dir='ltr' id='par_1_30' title="bbox 909 3210 1534 3285">
     <span class='ocr_line' id='line_1_82' title="bbox 909 3210 1534 3285; baseline -0.008 -17"><span class='ocrx_word' id='word_1_428' title='bbox 909 3217 1085 3285; x_wconf 86' lang='grc' dir='ltr'><strong>φάρμακον.</strong></span> <span class='ocrx_word' id='word_1_429' title='bbox 1124 3213 1192 3281; x_wconf 81' lang='lat' dir='ltr'><strong>plur.</strong></span> <span class='ocrx_word' id='word_1_430' title='bbox 1206 3213 1351 3282; x_wconf 85' lang='grc' dir='ltr'><strong>φαρμάκων</strong></span> <span class='ocrx_word' id='word_1_431' title='bbox 1369 3210 1437 3263; x_wconf 90' lang='grc' dir='ltr'><strong>δίκαι</strong></span> <span class='ocrx_word' id='word_1_432' title='bbox 1455 3212 1534 3274; x_wconf 90' lang='grc'><strong>6618</strong></span> 
     </span>
    </p>

    <p class='ocr_par' dir='ltr' id='par_1_31' title="bbox 909 3299 1572 3540">
     <span class='ocr_line' id='line_1_83' title="bbox 909 3299 1571 3371; baseline -0.003 -17"><span class='ocrx_word' id='word_1_433' title='bbox 909 3303 1040 3371; x_wconf 87' lang='grc' dir='ltr'><strong>φάσκειν</strong></span> <span class='ocrx_word' id='word_1_434' title='bbox 1059 3300 1208 3368; x_wconf 70' lang='lat' dir='ltr'>(participio</span> <span class='ocrx_word' id='word_1_435' title='bbox 1233 3299 1289 3351; x_wconf 84' lang='lat' dir='ltr'>solo</span> <span class='ocrx_word' id='word_1_436' title='bbox 1310 3299 1466 3367; x_wconf 80' lang='lat' dir='ltr'><strong>plerumque</strong></span> <span class='ocrx_word' id='word_1_437' title='bbox 1487 3315 1571 3368; x_wconf 79' lang='lat' dir='ltr'>nega-</span> 
     </span>
     <span class='ocr_line' id='line_1_84' title="bbox 963 3385 1572 3457; baseline -0.007 -15"><span class='ocrx_word' id='word_1_438' title='bbox 963 3392 1016 3443; x_wconf 82' lang='lat' dir='ltr'><strong>tive</strong></span> <span class='ocrx_word' id='word_1_439' title='bbox 1043 3390 1128 3441; x_wconf 80' lang='lat' dir='ltr'><strong>utitur</strong></span> <span class='ocrx_word' id='word_1_440' title='bbox 1155 3405 1179 3439; x_wconf 93' lang='grc' dir='ltr'><strong>ν.</strong></span> <span class='ocrx_word' id='word_1_441' title='bbox 1196 3388 1284 3457; x_wconf 87' lang='grc' dir='ltr'><strong>φάναι)</strong></span> <span class='ocrx_word' id='word_1_442' title='bbox 1310 3403 1331 3439; x_wconf 86' lang='lat' dir='ltr'><strong>c.</strong></span> <span class='ocrx_word' id='word_1_443' title='bbox 1351 3387 1397 3439; x_wconf 85' lang='grc' dir='ltr'><strong>ἰοί.</strong></span> <span class='ocrx_word' id='word_1_444' title='bbox 1418 3385 1479 3452; x_wconf 88' lang='grc'><strong>164</strong></span> <span class='ocrx_word' id='word_1_445' title='bbox 1503 3386 1572 3450; x_wconf 74' lang='grc'><strong>368</strong></span> 
     </span>
     <span class='ocr_line' id='line_1_85' title="bbox 963 3475 1315 3540; baseline -0.009 -10"><span class='ocrx_word' id='word_1_446' title='bbox 963 3493 984 3530; x_wconf 86' lang='grc'><strong>0.</strong></span> <span class='ocrx_word' id='word_1_447' title='bbox 998 3494 1051 3529; x_wconf 87' lang='lat' dir='ltr'>aec.</span> <span class='ocrx_word' id='word_1_448' title='bbox 1066 3493 1086 3527; x_wconf 89' lang='lat' dir='ltr'><strong>c.</strong></span> <span class='ocrx_word' id='word_1_449' title='bbox 1100 3476 1146 3528; x_wconf 79' lang='lat' dir='ltr'><strong>inf.</strong></span> <span class='ocrx_word' id='word_1_450' title='bbox 1166 3475 1238 3539; x_wconf 87' lang='grc'><strong>1639</strong></span> <span class='ocrx_word' id='word_1_451' title='bbox 1257 3477 1315 3540; x_wconf 90' lang='grc'><strong>461</strong></span> 
     </span>
    </p>

    <p class='ocr_par' dir='ltr' id='par_1_32' title="bbox 911 3562 1574 3987">
     <span class='ocr_line' id='line_1_86' title="bbox 911 3562 1574 3636; baseline -0.003 -19"><span class='ocrx_word' id='word_1_452' title='bbox 911 3566 1013 3636; x_wconf 90' lang='grc' dir='ltr'><strong>φέρειν</strong></span> <span class='ocrx_word' id='word_1_453' title='bbox 1038 3562 1190 3630; x_wconf 86' lang='grc' dir='ltr'><strong>(ἐπιστολάς)</strong></span> <span class='ocrx_word' id='word_1_454' title='bbox 1214 3563 1296 3627; x_wconf 73' lang='grc'><strong>4618</strong></span> <span class='ocrx_word' id='word_1_455' title='bbox 1338 3564 1461 3632; x_wconf 64' lang='grc' dir='ltr'><strong>(γράμμα)</strong></span> <span class='ocrx_word' id='word_1_456' title='bbox 1486 3562 1574 3628; x_wconf 72' lang='grc'><strong>’1680</strong></span> 
     </span>
     <span class='ocr_line' id='line_1_87' title="bbox 965 3649 1573 3722; baseline -0.007 -17"><span class='ocrx_word' id='word_1_457' title='bbox 965 3653 1080 3721; x_wconf 88' lang='grc' dir='ltr'><strong>(σημεῖον</strong></span> <span class='ocrx_word' id='word_1_458' title='bbox 1099 3649 1221 3717; x_wconf 87' lang='grc' dir='ltr'><strong>τὸόνομα</strong></span> <span class='ocrx_word' id='word_1_459' title='bbox 1240 3655 1285 3702; x_wconf 80' lang='grc' dir='ltr'><strong>τοῦ</strong></span> <span class='ocrx_word' id='word_1_460' title='bbox 1297 3650 1395 3714; x_wconf 83' lang='grc' dir='ltr'><strong>τέλους)</strong></span> <span class='ocrx_word' id='word_1_461' title='bbox 1407 3649 1450 3715; x_wconf 91' lang='grc'><strong>69</strong></span> <span class='ocrx_word' id='word_1_462' title='bbox 1481 3651 1573 3722; x_wconf 82' lang='grc' dir='ltr'><strong>(χορη-</strong></span> 
     </span>
     <span class='ocr_line' id='line_1_88' title="bbox 965 3738 1573 3810; baseline -0.003 -17"><span class='ocrx_word' id='word_1_463' title='bbox 965 3741 1031 3810; x_wconf 84' lang='grc' dir='ltr'><strong>γοὺς,</strong></span> <span class='ocrx_word' id='word_1_464' title='bbox 1055 3757 1115 3808; x_wconf 79' lang='lat' dir='ltr'>syn.</span> <span class='ocrx_word' id='word_1_465' title='bbox 1133 3738 1292 3802; x_wconf 86' lang='grc' dir='ltr'><strong>καθιστάναι)</strong></span> <span class='ocrx_word' id='word_1_466' title='bbox 1312 3739 1390 3802; x_wconf 87' lang='grc'><strong>6613</strong></span> <span class='ocrx_word' id='word_1_467' title='bbox 1414 3740 1474 3791; x_wconf 78' lang='lat' dir='ltr'><strong>ilem</strong></span> <span class='ocrx_word' id='word_1_468' title='bbox 1500 3756 1573 3807; x_wconf 80' lang='lat' dir='ltr'><strong>pass.</strong></span> 
     </span>
     <span class='ocr_line' id='line_1_89' title="bbox 964 3825 1574 3897; baseline -0.003 -14"><span class='ocrx_word' id='word_1_469' title='bbox 964 3830 1042 3891; x_wconf 84' lang='grc'><strong>6614</strong></span> <span class='ocrx_word' id='word_1_470' title='bbox 1077 3846 1155 3878; x_wconf 80' lang='lat' dir='ltr'><strong><em>secum</em></strong></span> <span class='ocrx_word' id='word_1_471' title='bbox 1168 3828 1240 3890; x_wconf 80' lang='lat' dir='ltr'><strong><em>ferre</em></strong></span> <span class='ocrx_word' id='word_1_472' title='bbox 1259 3830 1334 3897; x_wconf 87' lang='grc' dir='ltr'><strong>(τρεῖς</strong></span> <span class='ocrx_word' id='word_1_473' title='bbox 1353 3825 1468 3896; x_wconf 85' lang='grc' dir='ltr'><strong>όβολαὺς)</strong></span> <span class='ocrx_word' id='word_1_474' title='bbox 1486 3825 1574 3893; x_wconf 82' lang='grc'><strong>3680</strong></span> 
     </span>
     <span class='ocr_line' id='line_1_90' title="bbox 965 3915 1552 3987; baseline -0.002 -18"><span class='ocrx_word' id='word_1_475' title='bbox 965 3916 1093 3985; x_wconf 76' lang='grc' dir='ltr'><strong>(χαλεπῶς</strong></span> <span class='ocrx_word' id='word_1_476' title='bbox 1112 3917 1151 3967; x_wconf 83' lang='grc' dir='ltr'><strong>ἐπὶ</strong></span> <span class='ocrx_word' id='word_1_477' title='bbox 1169 3916 1201 3987; x_wconf 71' lang='grc' dir='ltr'><strong>τῇ</strong></span> <span class='ocrx_word' id='word_1_478' title='bbox 1220 3917 1345 3987; x_wconf 77' lang='grc' dir='ltr'><strong>συμφορᾷ)</strong></span> <span class='ocrx_word' id='word_1_479' title='bbox 1365 3915 1425 3974; x_wconf 88' lang='grc'><strong>366</strong></span> <span class='ocrx_word' id='word_1_480' title='bbox 1444 3915 1477 3966; x_wconf 83' lang='lat' dir='ltr'><strong>cf.</strong></span> <span class='ocrx_word' id='word_1_481' title='bbox 1491 3916 1552 3980; x_wconf 84' lang='grc'><strong>461</strong></span> 
     </span>
    </p>

    <p class='ocr_par' dir='ltr' id='par_1_33' title="bbox 910 4003 1574 4424">
     <span class='ocr_line' id='line_1_91' title="bbox 910 4003 1573 4075; baseline -0.006 -16"><span class='ocrx_word' id='word_1_482' title='bbox 910 4006 1035 4075; x_wconf 85' lang='grc' dir='ltr'><strong>φεὺγειν</strong></span> <span class='ocrx_word' id='word_1_483' title='bbox 1055 4003 1155 4054; x_wconf 73' lang='lat' dir='ltr'><em>exulare</em></span> <span class='ocrx_word' id='word_1_484' title='bbox 1175 4003 1327 4072; x_wconf 86' lang='grc' dir='ltr'><strong>(ἀειφυγίαν)</strong></span> <span class='ocrx_word' id='word_1_485' title='bbox 1347 4003 1389 4070; x_wconf 85' lang='grc'><strong>63</strong></span> <span class='ocrx_word' id='word_1_486' title='bbox 1420 4003 1573 4074; x_wconf 86' lang='grc' dir='ltr'><strong>(ἀναγκαίης</strong></span> 
     </span>
     <span class='ocr_line' id='line_1_92' title="bbox 964 4091 1572 4162; baseline -0.002 -17"><span class='ocrx_word' id='word_1_487' title='bbox 964 4093 1012 4145; x_wconf 83' lang='grc' dir='ltr'><strong>ὑπὸ</strong></span> <span class='ocrx_word' id='word_1_488' title='bbox 1031 4091 1140 4162; x_wconf 76' lang='grc' dir='ltr'><strong>χρειοὺς)</strong></span> <span class='ocrx_word' id='word_1_489' title='bbox 1154 4091 1215 4143; x_wconf 87' lang='grc'><strong>8010</strong></span> <span class='ocrx_word' id='word_1_490' title='bbox 1232 4091 1307 4156; x_wconf 83' lang='grc'><strong>1613</strong></span> <span class='ocrx_word' id='word_1_491' title='bbox 1336 4092 1425 4161; x_wconf 81' lang='grc' dir='ltr'><strong>ἔφευγε</strong></span> <span class='ocrx_word' id='word_1_492' title='bbox 1445 4092 1477 4143; x_wconf 88' lang='grc' dir='ltr'><strong>τά</strong></span> <span class='ocrx_word' id='word_1_493' title='bbox 1495 4091 1572 4144; x_wconf 84' lang='grc' dir='ltr'><strong>λοιπά</strong></span> 
     </span>
     <span class='ocr_line' id='line_1_93' title="bbox 964 4178 1574 4252; baseline -0.002 -19"><span class='ocrx_word' id='word_1_494' title='bbox 964 4198 1000 4233; x_wconf 74' lang='grc' dir='ltr'><strong>ει.</strong></span> <span class='ocrx_word' id='word_1_495' title='bbox 1022 4181 1066 4252; x_wconf 84' lang='grc' dir='ltr'><strong>ἔτη</strong></span> <span class='ocrx_word' id='word_1_496' title='bbox 1098 4178 1175 4242; x_wconf 86' lang='grc'><strong>1689</strong></span> <span class='ocrx_word' id='word_1_497' title='bbox 1218 4180 1258 4242; x_wconf 88' lang='grc' dir='ltr'><strong>(τά</strong></span> <span class='ocrx_word' id='word_1_498' title='bbox 1286 4178 1371 4245; x_wconf 88' lang='grc' dir='ltr'><strong>λοιπά)</strong></span> <span class='ocrx_word' id='word_1_499' title='bbox 1403 4178 1485 4243; x_wconf 87' lang='grc'><strong>1689</strong></span> <span class='ocrx_word' id='word_1_500' title='bbox 1526 4182 1574 4238; x_wconf 88' lang='grc' dir='ltr'><strong>τάς</strong></span> 
     </span>
     <span class='ocr_line' id='line_1_94' title="bbox 964 4263 1573 4336; baseline -0.005 -15"><span class='ocrx_word' id='word_1_501' title='bbox 964 4268 1049 4325; x_wconf 89' lang='grc' dir='ltr'><strong>οὑσίας</strong></span> <span class='ocrx_word' id='word_1_502' title='bbox 1076 4273 1128 4319; x_wconf 91' lang='grc' dir='ltr'><strong>τῶν</strong></span> <span class='ocrx_word' id='word_1_503' title='bbox 1156 4266 1182 4326; x_wconf 77' lang='grc' dir='ltr'><strong>ἐξ</strong></span> <span class='ocrx_word' id='word_1_504' title='bbox 1199 4263 1300 4336; x_wconf 79' lang='grc' dir='ltr'><strong>Ἀρείου</strong></span> <span class='ocrx_word' id='word_1_505' title='bbox 1323 4270 1403 4336; x_wconf 84' lang='grc' dir='ltr'><strong>πάγου</strong></span> <span class='ocrx_word' id='word_1_506' title='bbox 1425 4267 1573 4336; x_wconf 90' lang='grc' dir='ltr'><strong>φευγόντων</strong></span> 
     </span>
     <span class='ocr_line' id='line_1_95' title="bbox 965 4354 1514 4424; baseline -0.002 -16"><span class='ocrx_word' id='word_1_507' title='bbox 965 4356 1040 4420; x_wconf 82' lang='grc'><strong>5611</strong></span> <span class='ocrx_word' id='word_1_508' title='bbox 1081 4355 1173 4424; x_wconf 78' lang='grc' dir='ltr'><strong>(φυγὴν</strong></span> <span class='ocrx_word' id='word_1_509' title='bbox 1192 4354 1229 4406; x_wconf 89' lang='grc' dir='ltr'><strong>ῶν</strong></span> <span class='ocrx_word' id='word_1_510' title='bbox 1249 4355 1338 4414; x_wconf 84' lang='grc' dir='ltr'><strong>αίδεσίς</strong></span> <span class='ocrx_word' id='word_1_511' title='bbox 1357 4355 1434 4420; x_wconf 88' lang='grc' dir='ltr'><strong>ἐστιν)</strong></span> <span class='ocrx_word' id='word_1_512' title='bbox 1453 4354 1514 4418; x_wconf 72' lang='grc'><strong>663</strong></span> 
     </span>
    </p>

    <p class='ocr_par' dir='ltr' id='par_1_34' title="bbox 914 4441 1576 4774">
     <span class='ocr_line' id='line_1_96' title="bbox 1002 4441 1574 4512; baseline 0.002 -18"><span class='ocrx_word' id='word_1_513' title='bbox 1002 4463 1067 4494; x_wconf 79' lang='lat' dir='ltr'><strong><em>reum</em></strong></span> <span class='ocrx_word' id='word_1_514' title='bbox 1092 4462 1144 4493; x_wconf 75' lang='lat' dir='ltr'><strong>esse</strong></span> <span class='ocrx_word' id='word_1_515' title='bbox 1168 4441 1181 4494; x_wconf 86' lang='grc' dir='ltr'><strong>ὑ</strong></span> <span class='ocrx_word' id='word_1_516' title='bbox 1205 4442 1306 4511; x_wconf 81' lang='grc' dir='ltr'><strong>φεὺγων</strong></span> <span class='ocrx_word' id='word_1_517' title='bbox 1329 4443 1433 4512; x_wconf 66' lang='grc' dir='ltr'><strong>(ορμθ</strong></span> <span class='ocrx_word' id='word_1_518' title='bbox 1457 4441 1574 4504; x_wconf 80' lang='grc' dir='ltr'><strong>διώκων)</strong></span> 
     </span>
     <span class='ocr_line' id='line_1_97' title="bbox 965 4530 1505 4598; baseline -0.002 -14"><span class='ocrx_word' id='word_1_519' title='bbox 965 4531 1026 4596; x_wconf 89' lang='grc'><strong>564</strong></span> <span class='ocrx_word' id='word_1_520' title='bbox 1045 4532 1103 4582; x_wconf 85' lang='lat' dir='ltr'>sim.</span> <span class='ocrx_word' id='word_1_521' title='bbox 1118 4530 1178 4593; x_wconf 77' lang='grc'><strong>561</strong></span> <span class='ocrx_word' id='word_1_522' title='bbox 1198 4530 1293 4598; x_wconf 75' lang='grc'><strong>5646</strong></span> <span class='ocrx_word' id='word_1_523' title='bbox 1315 4531 1390 4597; x_wconf 81' lang='grc'><strong>1618</strong></span> <span class='ocrx_word' id='word_1_524' title='bbox 1410 4530 1505 4594; x_wconf 85' lang='grc'><strong>88,5.6</strong></span> 
     </span>
     <span class='ocr_line' id='line_1_98' title="bbox 914 4617 1576 4690; baseline 0.005 -19"><span class='ocrx_word' id='word_1_525' title='bbox 914 4617 970 4690; x_wconf 90' lang='grc' dir='ltr'><strong>φθε</strong></span> <span class='ocrx_word' id='word_1_526' title='bbox 979 4619 1063 4690; x_wconf 86' lang='grc' dir='ltr'><strong>ίρειν.</strong></span> <span class='ocrx_word' id='word_1_527' title='bbox 1094 4635 1164 4685; x_wconf 77' lang='lat' dir='ltr'><strong>pass.</strong></span> <span class='ocrx_word' id='word_1_528' title='bbox 1177 4618 1302 4689; x_wconf 87' lang='grc' dir='ltr'><strong>ἐφθάρθαι</strong></span> <span class='ocrx_word' id='word_1_529' title='bbox 1314 4621 1372 4677; x_wconf 85' lang='grc' dir='ltr'><strong>τοὺς</strong></span> <span class='ocrx_word' id='word_1_530' title='bbox 1384 4618 1493 4677; x_wconf 86' lang='grc' dir='ltr'><strong>πολλοὺς</strong></span> <span class='ocrx_word' id='word_1_531' title='bbox 1505 4621 1576 4674; x_wconf 89' lang='grc' dir='ltr'><strong>κατά</strong></span> 
     </span>
     <span class='ocr_line' id='line_1_99' title="bbox 959 4706 1172 4774; baseline -0.005 -15"><span class='ocrx_word' id='word_1_532' title='bbox 959 4706 1076 4774; x_wconf 74' lang='grc' dir='ltr'><strong>’πόλεμον</strong></span> <span class='ocrx_word' id='word_1_533' title='bbox 1096 4706 1172 4770; x_wconf 79' lang='grc'><strong>8611</strong></span> 
     </span>
    </p>

    <p class='ocr_par' dir='ltr' id='par_1_35' title="bbox 914 4793 1575 4866">
     <span class='ocr_line' id='line_1_100' title="bbox 914 4793 1575 4866; baseline 0.002 -18"><span class='ocrx_word' id='word_1_534' title='bbox 914 4795 1044 4865; x_wconf 89' lang='grc' dir='ltr'><strong>φθίνειν.</strong></span> <span class='ocrx_word' id='word_1_535' title='bbox 1072 4797 1147 4863; x_wconf 81' lang='grc' dir='ltr'><strong>ἐνάτη</strong></span> <span class='ocrx_word' id='word_1_536' title='bbox 1161 4795 1293 4864; x_wconf 87' lang='grc' dir='ltr'><strong>φθίνοντος</strong></span> <span class='ocrx_word' id='word_1_537' title='bbox 1306 4793 1482 4866; x_wconf 84' lang='grc' dir='ltr'><strong>Θαργηλιῶνος</strong></span> <span class='ocrx_word' id='word_1_538' title='bbox 1493 4794 1575 4862; x_wconf 78' lang='grc'><strong>3689</strong></span> 
     </span>
    </p>

    <p class='ocr_par' dir='ltr' id='par_1_36' title="bbox 915 4881 1574 4955">
     <span class='ocr_line' id='line_1_101' title="bbox 915 4881 1574 4955; baseline -0.005 -19"><span class='ocrx_word' id='word_1_539' title='bbox 915 4881 1141 4954; x_wconf 83' lang='grc' dir='ltr'><strong>φιλάνθρωπος</strong></span> <span class='ocrx_word' id='word_1_540' title='bbox 1160 4888 1238 4947; x_wconf 81' lang='lat' dir='ltr'>(coni.</span> <span class='ocrx_word' id='word_1_541' title='bbox 1252 4886 1331 4954; x_wconf 78' lang='grc' dir='ltr'><strong>πρᾷος</strong></span> <span class='ocrx_word' id='word_1_542' title='bbox 1353 4887 1396 4937; x_wconf 87' lang='grc' dir='ltr'><strong>καὶ</strong></span> <span class='ocrx_word' id='word_1_543' title='bbox 1419 4890 1472 4941; x_wconf 91' lang='grc' dir='ltr'><strong>τοῖς</strong></span> <span class='ocrx_word' id='word_1_544' title='bbox 1490 4881 1574 4955; x_wconf 88' lang='grc' dir='ltr'><strong>ἀμαρ-</strong></span> 
     </span>
    </p>
   </div>
   <div class='ocr_carea' id='block_1_6' title="bbox 0 0 1776 5610">
    <p class='ocr_par' dir='ltr' id='par_1_37' title="bbox 0 0 1776 5610">
     <span class='ocr_line' id='line_1_102' title="bbox 0 0 1776 5610; baseline 0 0"><span class='ocrx_word' id='word_1_545' title='bbox 0 0 1776 5610; x_wconf 95' lang='lat' dir='ltr'><strong> </strong></span> 
     </span>
    </p>
   </div>
  </div>
 </body>
</html>
