3510 5610
707 1486 1043 1562 PRAEFATIO

280 1797 459 1861 Aristotelis
481 1796 605 1862 libellus
629 1796 666 1861 de
690 1818 722 1861 re
744 1796 870 1882 publica
886 1795 1123 1860 Atheniensium
1147 1817 1201 1860 cur
1220 1794 1253 1859 in
1268 1795 1326 1861 hoc
1341 1795 1563 1881 Supplemento

197 1901 296 1966 locum
322 1898 470 1980 obtineat,
494 1899 584 1964 facilc
597 1889 665 1964 sine
683 1899 819 1964 verbosis
835 1899 1024 1983 argumentis
1040 1898 1143 1983 quivis
1158 1899 1321 1981 intelliget.
1366 1900 1441 1964 Post
1464 1905 1564 1963 cetera

196 2003 360 2087 Stagirites
384 2024 485 2088 opera,
510 2003 622 2087 quibus
645 2011 768 2088 tempus
792 2002 869 2067 edax
893 2003 1041 2088 pepercit,
1066 2023 1149 2066 nunc
1171 2003 1228 2066 snb
1251 2003 1346 2068 finem
1369 2003 1564 2067 saeculorum

196 2106 227 2171 in
250 2107 351 2171 lucem
374 2112 557 2191 protractus,
581 2105 614 2169 in
630 2106 766 2171 editione
783 2105 971 2171 Academica
987 2105 1180 2170 Berolinensi
1197 2106 1299 2170 locum
1324 2106 1413 2191 quasi
1436 2105 1475 2170 de
1498 2106 1564 2170 iure

195 2209 254 2274 sibi
281 2209 435 2288 vindicat,
462 2209 642 2293 sociumque
669 2210 791 2275 invenit
822 2209 913 2273 illum
946 2209 983 2273 de
1010 2230 1043 2272 re
1069 2208 1191 2272 medica
1218 2209 1361 2273 libellum
1389 2231 1496 2294 quem,
1525 2210 1563 2274 ab

195 2312 318 2377 harenis
334 2311 535 2397 Aegyptiacis
551 2312 644 2378 simul
661 2321 819 2398 arreptum
835 2334 960 2396 unaque
982 2312 1015 2375 in
1031 2313 1173 2376 lluseum
1190 2312 1405 2377 Britannicum
1428 2313 1564 2394 illatum,

195 2416 306 2480 abhinc
334 2415 441 2480 decem
469 2416 559 2480 annis
586 2415 765 2480 felicissime
793 2415 890 2479 edidit
915 2416 1111 2480 Hermannus
1134 2415 1265 2498 Diels¹).
1314 2416 1351 2480 de
1380 2417 1564 2482 auctoritate

194 2519 284 2583 huius
307 2518 438 2583 Politiae
460 2518 511 2582 hic
533 2519 620 2583 nulla
643 2519 702 2582 erit
724 2519 874 2603 quaestio.
924 2519 1158 2583 Aristotelicum
1182 2540 1246 2583 esse
1270 2541 1332 2584 non
1354 2520 1474 2585 minore
1496 2520 1564 2585 iure

196 2644 289 2708 quam
315 2623 462 2687 Menonia
489 2622 545 2686 illa
573 2630 726 2707 excerpta,
759 2643 849 2686 nemo
878 2644 939 2686 non
970 2622 1130 2702 concerlet3
1160 2625 1256 2686 immo
1285 2644 1361 2708 opus
1388 2623 1471 2687 idem
1499 2645 1563 2689 esse

198 2726 277 2810 quod
301 2726 340 2790 ab
364 2725 501 2809 antiquis
524 2726 725 2810 scriptoribus
748 2725 908 2789 Aristoteli
933 2725 991 2809 ipsi
1015 2746 1077 2789 una
1100 2745 1174 2788 voce
1197 2725 1354 2808 tribuitur,
1384 2727 1564 2792 certissimis

196 2830 386 2913 argumentis
402 2829 524 2915 probari
547 2837 661 2914 potest;
687 2829 792 2914 itaque
815 2829 865 2893 hic
888 2849 979 2893 suum
1003 2829 1064 2892 sibi
1086 2828 1190 2892 locum
1212 2829 1392 2913 postularet,
1417 2831 1511 2894 ctiam
1536 2832 1563 2895 si

197 2933 233 2996 ab
249 2933 348 3017 ipsius
364 2932 542 2997 Aristotelis
557 2954 653 2998 manu
676 2941 707 2997 et
730 2932 849 2997 ratione
872 2932 1008 2996 alienum
1032 2952 1098 2996 esse
1122 2931 1340 3014 indicaremus,
1362 2970 1401 2980 -
1424 2933 1456 2997 id
1480 2935 1562 3018 quod

196 3045 299 3101 tamen
326 3037 492 3101 nosnullo
519 3037 611 3101 mode
636 3036 843 3117 concedimus,
866 3057 967 3121 neque
994 3058 1067 3101 sane
1095 3035 1195 3100 adhuc
1219 3059 1237 3099 a
1260 3057 1418 3122 quoquam
1444 3037 1564 3103 idoneis

196 3140 385 3223 argumentis
408 3140 573 3225 probatum
597 3149 652 3205 est.

278 3243 439 3307 Edendum
468 3243 563 3325 igitur
590 3264 656 3308 esse
685 3265 755 3307 cum
784 3243 892 3307 ceteris
914 3244 1121 3309 Aristotelicis
1149 3243 1238 3308 libris
1266 3243 1298 3309 in
1323 3244 1458 3309 editione
1480 3246 1562 3309 Aea·

196 3346 315 3411 demina
342 3346 425 3410 hunc
451 3345 567 3410 librum
595 3346 789 3411 consentient
817 3368 935 3426 omnes3
969 3346 1007 3410 de
1034 3347 1151 3412 editore
1178 3356 1282 3411 antem
1311 3348 1440 3412 fortasse
1466 3348 1562 3412 mira-

195 3451 310 3514 buntur
325 3449 476 3513 nonnulli.
509 3471 579 3513 cum
595 3458 701 3514 autem
717 3450 809 3514 multi
824 3449 898 3529 sint,
914 3485 953 3497 -
971 3471 1103 3534 quorum
1119 3451 1201 3514 inter
1217 3450 1332 3536 primos
1349 3452 1562 3516 llermannum

196 3554 279 3618 Diels
303 3562 334 3619 et
356 3553 538 3618 Udalricum
562 3553 599 3618 de
623 3553 1067 3619 Wilamowitz·lloellendorff
1090 3554 1217 3619 honoris
1245 3575 1338 3618 causa
1360 3554 1498 3634 nominc,
1521 3591 1562 3602 -

195 3657 245 3741 qui
270 3677 334 3720 rem
358 3656 474 3720 maiore
497 3657 649 3739 sollertia,
679 3658 835 3737 acumine,
864 3658 1070 3743 experientia,
1095 3658 1237 3723 doctrina
1260 3680 1404 3744 peragere
1426 3666 1561 3744 possent,

193 3760 253 3824 illis
276 3759 378 3824 varias
402 3760 440 3823 ob
465 3782 572 3825 causas
595 3783 657 3825 non
681 3761 809 3844 contigit
832 3782 909 3846 opus
932 3761 1099 3846 suscipere,
1128 3762 1293 3847 praecipue
1317 3784 1388 3826 curn
1408 3783 1560 3846 papyrum

195 3864 292 3948 ipsam
314 3864 370 3927 sub
395 3863 491 3927 oculis
513 3865 628 3928 habere
650 3888 711 3929 uon
735 3873 874 3950 possent3
900 3865 1006 3950 itaque
1028 3866 1105 3930 mihi
1129 3865 1265 3948 tandem,
1291 3866 1339 3930 cui
1360 3868 1421 3931 lons
1437 3867 1562 3929 fortuna

193 3968 455 4053 opportunitatem
488 3967 551 4032 illis
580 3991 640 4033 non
673 3989 851 4033 concessam
879 3968 1015 4051 dederat,
1048 3970 1145 4034 honos
1173 3992 1191 4032 a
1219 3970 1345 4052 collegio
1373 3968 1560 4033 Academico

193 4071 313 4136 oblatus
337 4078 393 4153 est,
419 4072 528 4156 utqui
552 4073 641 4156 quasi
664 4093 770 4137 recens
794 4080 866 4135 nato
890 4072 1016 4137 sedulus
1038 4072 1091 4137 sed
1115 4072 1278 4158 imperitus
1302 4072 1376 4136 olim
1400 4072 1560 4136 ministra·

192 4194 305 4256 veram,
333 4174 417 4238 idem
445 4197 528 4239 nunc
558 4184 697 4258 togatum
724 4176 807 4240 inter
833 4175 957 4241 adultos
987 4198 1143 4261 ponerem.
1196 4198 1286 4261 quern
1317 4176 1454 4241 laborem
1485 4175 1561 4239 dum

192 4276 323 4342 libenter·
344 4277 491 4362 idemque
519 4301 580 4344 non
603 4279 669 4344 sine
693 4279 803 4344 timore
826 4280 970 4364 suscipio,
999 4280 1150 4344 rationem
1174 4280 1266 4344 huius
1295 4301 1393 4343 novae
1416 4278 1560 4343 editionis

191 4381 325 4446 breviter
348 4403 511 4466 exponam.

273 4486 356 4549 Ante
386 4507 503 4549 annum
531 4496 601 4571 post
624 4486 781 4551 Christum
804 4487 1054 4551 lllDCCCerXX
1083 4488 1120 4551 de
1144 4508 1235 4572 opere
1257 4486 1457 4552 Aristotelioo
1481 4485 1559 4550 nihil

191 4588 250 4653 nisi
273 4590 446 4673 fragmenta
469 4612 487 4652 a
509 4590 733 4676 lexicographis
750 4591 880 4675 aliisque
904 4591 1042 4676 antiquis
1059 4592 1262 4677 scriptoribus
1286 4591 1381 4654 citata
1406 4590 1558 4674 exstabat,

190 4748 380 4755 ..-.-.--.
390 4748 441 4754 --.-
454 4750 465 4754 ...
476 4749 543 4753 ---Ἡ

276 4835 294 4898 ¹)
318 4834 438 4901 Anonymi
456 4833 624 4884 Lonrlirrerrsis
643 4852 673 4883 ex
694 4833 834 4885 Aristotelia
854 4834 955 4885 latricis
977 4835 1098 4885 illerrcniis
1117 4845 1139 4884 et
1158 4834 1215 4885 aliis
1236 4834 1334 4886 medicis
1354 4834 1451 4900 eclogae
1472 4833 1553 4900 (Sup-

186 4918 327 4984 prementum
345 4923 529 4974 Aristotelicum
548 4920 656 4987 rotlll,
674 4937 737 4990 pure
753 4923 780 4988 l;
798 4921 1076 4990 MDOOGLXXXHI).

1583 1797 1717 1841 Auctoritas

1575 1849 1629 1894 llbrt
1635 1852 1724 1896 Aristo-

1619 1905 1684 1949 tellcl
