3510 5610
107 318 332 374 VERBORUM

104 495 242 562 ἀνοίγειν
265 493 319 561 (τὸν
343 494 447 558 πίνακα)
471 494 535 560 533
577 496 631 560 (τοῖς
655 492 765 566 θυρίδας)

160 582 239 649 5435

104 669 326 738 ἀνοικοδομεῖν
345 669 424 736 (coni.
439 671 646 739 κατασκευάζειν)
664 671 725 736 437

104 757 349 828 ἀνοικοδόμησις
368 761 431 818 (τῶν
449 759 554 832 τειχῶν)
574 759 652 823 8730

105 846 333 916 ἀντεγγράφειν
352 844 413 913 393
753 845 756 850 ’

105 935 174 988 ἀντί
192 951 215 988 ο.
229 950 290 1003 gen.
303 934 387 1004 epigr.
401 934 462 998 4,13
475 935 536 1001 8,14
555 934 641 1000 0432.
655 936 686 990 14
706 935 766 1001 353

157 1021 217 1086 813

104 1110 308 1181 ἀντιγράφειν
340 1111 407 1163 med.
435 1110 525 1176 (τάλλα
559 1113 652 1176 πάντα)
683 1112 764 1177 6031

158 1200 273 1264 (πάντας)
292 1197 370 1263 6035

105 1284 379 1357 ἀντιδημαγωγεῐν
398 1285 471 1356 (πρὸς
488 1287 534 1357 τῆν
554 1282 675 1356 Κίμωνος
693 1287 765 1342 εδιτο-

159 1375 225 1445 ρίαν)
244 1373 320 1440 3031

105 1461 268 1521 ἀντίδικος
290 1463 358 1530 plur.
377 1460 441 1526 583
467 1460 549 1526 7835
572 1461 656 1528 8032
680 1462 765 1528 8130

116 1597 120 1605 .
173 1550 240 1614 823

106 1540 264 1695 ἀντ1δοσιά
283 1637 351 1706 plur.
366 1635 443 1698 8337
463 1636 541 1701 7133

106 1723 340 1796 ἀντικαθῆσθαι
359 1722 496 1793 (ἀλληλοις)
515 1725 555 1791 63

106 1813 353 1883 ἀντιλαμβάνειν
373 1813 440 1864 med.
454 1815 510 1881 (τῆς
528 1812 674 1883 ἡγεμονίας)
693 1813 754 1880 883

105 1902 281 1972 άντιλίγειν
301 1899 385 1953 absol.
400 1899 458 1966 163

105 1989 356 2058 ἀντιστασιώτης
374 1988 435 2054 31,8
473 1988 542 2056 plur.
558 1987 633 2048 1539

105 2080 216 2134 ἀνίοειν
234 2079 313 2149 ἤνυσα
331 2076 412 2131 Solon
433 2075 510 2141 1030
546 2074 639 2141 (οὐδὲν)
664 2077 720 2144 173

105 2168 170 2220 ἀνω
189 2165 256 2239 ἔχων
275 2165 304 2219 τὸ
323 2167 425 2237 γράμμα
444 2163 522 2233 7533

108 2253 197 2315 ἄξιος
214 2255 275 2307 εἶναι
294 2271 316 2307 ο.
330 2253 377 2306 inf.
390 2252 468 2317 7432

107 2342 217 2404 ἀξιοῦν
237 2357 258 2394 c.
271 2358 324 2394 acc.
338 2358 359 2395 ε.
374 2340 420 2394 ἰαί.
434 2340 490 2403 (καὶ
507 2343 566 2399 τοὺς
579 2339 669 2401 ἀλλους
688 2341 765 2394 ταὺτὸ

158 2433 233 2482 τοῦτο
252 2432 339 2494 ποιεῖν)
357 2428 414 2492 173
445 2445 467 2481 c.
481 2429 528 2482 inf.
541 2428 668 2498 (βοηθεῖν)
686 2430 765 2495 3039

105 2518 230 2585 ἀξίωμα
248 2518 357 2584 οίὶραίίοιε
376 2515 458 2581 2732
496 2517 563 2585 plur.
582 2516 664 2576 20.l3
683 2518 765 2582 38‚1‘2

106 2607 236 2673 ἀπάγειν
253 2605 311 2666 423
351 2620 423 2673 pass.
441 2605 499 2662 τοὺς
518 2604 691 2675 ἀπαγομένους
709 2606 765 2659 κλί-

157 2711 222 2750 πτας
239 2691 318 2760 5534

105 2781 258 2850 ἀπαγωγῆ
278 2779 350 2848 (πρὸς
368 2782 427 2839 τοὺς
445 2782 609 2852 στρατηγοὺς)
628 2781 708 2844 3335

106 2865 292 2937 ἀπαλείφειν
312 2867 390 2935 5133
421 2870 543 2923 similiter
563 2886 633 2938 pass.
652 2869 731 2937 5130

105 2952 320 3009 ἀπαλλάττειν
339 2959 408 3020 (τοὺς
426 2957 592 3028 κατηγόρους)
612 2957 687 3024 8231

106 3044 243 3096 ἀπαντᾶν
262 3043 296 3096 ad
315 3045 442 3097 iudicium
463 3046 541 3113 1930

106 3129 187 3191 ἀπαξ
206 3130 284 3195 3533
303 3131 391 3197 4831.
404 3133 434 3184 12

106 3220 270 3289 ἀπαρκεῖν.
307 3218 379 3273 όσσον
398 3222 506 3292 ἀπαρκεῖ
525 3220 587 3276 8010
610 3221 668 3284 1·2‚3

106 3309 187 3366 ἀπας
200 3310 355 3362 attributive
368 3310 522 3362 collocatum
541 3315 587 3378 τῆς
606 3309 654 3377 δίί)
667 3310 766 3380 ἀπάσης

159 3402 275 3466 στρατιᾶς
294 3396 353 3461 383
384 3395 461 3449 ἀποισι
479 3397 577 3456 τοδτοις
596 3397 675 3464 3830
705 3415 763 3451 eum

158 3486 184 3537 vi
204 3493 348 3537 extremum
369 3486 412 3543 τάς
425 3485 622 3556 ἀμφισβητήσεις
640 3487 684 3545 τὰς
703 3485 764 3556 δπίρ

158 3577 211 3623 τῶν
230 3572 311 3642 ἱερῶν,
323 3572 420 3630 ἁπάσας
437 3573 502 3636 863
539 3576 654 3642 praedic.
673 3575 764 3627 colloc.

159 3661 185 3712 ίν
204 3659 281 3713 ἅπασι
299 3667 349 3718 τοῖς
368 3660 453 3719 ἄλλοις
465 3661 543 3727 8230
561 3664 594 3714 εί.
608 3661 685 3727 8838
704 3662 764 3726 303
811 3709 815 3716 ,

159 3747 239 3813 3331
283 3748 309 3809 ἐξ
333 3749 454 3802 ἁπάντων
477 3756 530 3802 τῶν
553 3749 763 3821 πεντακισχιλίων

159 3835 225 3901 353
266 3836 292 3897 ἐξ
316 3836 435 3889 ἁπάντων
450 3833 591 3908 Ἀθηναίων
615 3838 694 3902 6331
738 3839 764 3900 ἐξ

157 3920 298 3993 Ἀθηναίων
327 3924 446 3978 ἀπάντων
460 3926 536 3993 ,883
584 3926 694 3986 ἀπαντος
720 3932 765 3981 τοῦ

159 4010 241 4080 δῆμου
254 4012 314 4077 40,8
344 4015 389 4072 τὰς
401 4013 577 4085 πεντετηρίδας
595 4015 693 4073 ἁπάσας
706 4016 766 4082 613

104 4164 107 4170 ¹
160 4099 192 4150 cf.
209 4098 283 4165 45‚9.
296 4100 326 4153 13
346 4101 410 4165 663
430 4103 494 4165 603
513 4102 573 4169 703
592 4104 670 4169 7136
707 4120 765 4156 cum

161 4188 187 4238 vi
207 4198 351 4241 extremum
374 4191 418 4249 τάς
441 4191 521 4262 ἀρχὰς
539 4189 661 4260 ἀμίσθους
680 4191 765 4264 ἀρχιιν

115 4343 116 4346 ¹
160 4274 256 4334 ἁπάσας
279 4276 361 4341 3330
385 4278 495 4345 ο1.34,9
519 4279 599 4344 3431
638 4277 701 4349 πρός
722 4279 766 4338 οδς

160 4362 270 4423 άπαντας
284 4365 363 4429 5038
388 4368 473 4420 subst.
488 4375 572 4421 neutr.
586 4369 642 4437 πρίν
655 4367 685 4418 ἀν
699 4366 765 4419 ἅπαν

160 4450 266 4522 παραδῷ
282 4461 336 4510 τοῖς
353 4455 453 4522 ταμίαις
472 4454 554 4518 7130
591 4457 660 4523 plur,
679 4454 765 4508 subst.

160 4555 240 4604 masc.
254 4539 362 4600 ἅπαντες
385 4542 430 4606 53
452 4542 516 4607 853
535 4543 619 4604 4130
638 4542 703 4609 473
740 4541 765 4602 ἐξ

160 4627 279 4681 ἀπάντων
298 4631 328 4696 (i.
342 4645 366 4697 q.
386 4631 411 4690 ἐξ
429 4630 547 4683 ἁπάντων
560 4629 709 4700 Ἀθηναίων)
724 4632 766 4696 71,

162 4716 193 4766 17
207 4715 267 4781 723
299 4725 385 4770 neutr.
399 4719 424 4779 ἐξ
438 4719 558 4771 ἁπάντων
577 4718 637 4783 333
669 4719 766 4772 ἅπαντα

160 4798 193 4855 δι’
209 4801 294 4855 αὑτῶν
314 4805 436 4877 ἔπραττον
455 4806 537 4875 3632
577 4807 696 4860 ἁπάντων
719 4809 766 4878 γάρ

160 4891 236 4952 αδτδς
264 4891 340 4946 αὑτὸν
368 4894 503 4964 πεποίηκεν
532 4894 546 4948 δ
573 4893 653 4966 δῆμος
680 4894 766 4967 κόριον

1263 318 1321 383 ἀπό
1437 318 1480 390 95

870 495 931 562 433
968 492 1127 547 Aristotcles
1147 492 1174 544 in
1188 490 1285 545 Politia
1301 490 1367 551 άπας
1379 493 1478 546 Ιιιοιιιι-

870 590 912 638 ίοο
926 581 1047 648 exemplo
1065 585 1126 648 post
1143 585 1320 633 consonantes
1340 581 1479 634 dumtaxat

871 673 969 741 posuit.
987 667 1287 737 igiturpronuntientur
1296 675 1401 736 oportet
1411 667 1478 722 elisa

870 777 882 812 ε
901 759 990 812 littera
1008 764 1053 826 τῆς
1072 754 1097 812 δ’
1112 757 1210 823 ἀπάσης
1227 754 1288 822 363
1325 764 1352 809 οι
1370 775 1387 809 α
1405 758 1477 810 simi·

873 849 934 901 liter
952 841 1135 901 πολιτικώταθ
1158 843 1277 897 ἁπάντων
1296 843 1362 910 483

819 935 946 989 ἀπεῖναι
964 940 1020 1005 (τῆς
1039 933 1142 1004 βουλῆς)
1161 931 1241 998 3430

819 1022 945 1092 ἄπειρος
964 1024 1088 1093 imperitus
1107 1024 1163 1086 (τοῦ
1182 1017 1309 1088 πολεμεῖν)
1328 1018 1405 1083 8939

818 1109 968 1164 ἀπελθεῖν
989 1127 1013 1164 ν.
1027 1106 1180 1183 ἀπέρχεσθαι

818 1197 1010 1270 ἀπέρχεσθαι
1038 1197 1119 1264 1830
1160 1196 1303 1263 ιαείεμίιοτ.
1326 1194 1411 1261 (πάλιν
1440 1196 1474 1254 είς

870 1287 972 1353 παῖδας)
991 1285 1070 1352 4332

817 1373 946 1444 ἀπίχειν
966 1373 1033 1426 med.
1047 1371 1158 1440 (σ’νδενὸς
1181 1377 1234 1425 τῶν
1252 1371 1374 1434 πολιτῶν)
1393 1372 1475 1437 3831

817 1458 1052 1532 ἀπεχθάνεσθαι
1070 1460 1242 1530 (ἀμφοτίροις)
1265 1460 1313 1522 7,6
1354 1459 1476 1513 absolute

872 1549 947 1614 11,19
978 1548 1049 1620 (πρὸς
1068 1549 1234 1619 ἀμφοτέρους)
1251 1547 1327 1616 1138
1357 1548 1476 1618 (παρανο-

870 1637 986 1705 μοόσαις)
1003 1636 1081 1701 3236
1336 1677 1338 1680 ⁴

818 1726 944 1779 ἀπιίναι
966 1726 1006 1792 (ἐκ
1023 1723 1165 1788 Δεκελείας)
1189 1723 1272 1791 3830
1309 1723 1392 1777 absol.
1410 1723 1473 1787 413

870 1813 932 1878 453

818 1901 946 1959 ἄπιστος
964 1903 1111 1966 suspiciosus
1129 1901 1208 1967 (coni.
1221 1899 1322 1971 πικρός)
1341 1898 1420 1964 2130

818 1988 941 2047 ἁπλοῦς.
972 1991 1114 2043 ἀποτίνεται
1127 1985 1201 2042 τοῦθ’
1217 1987 1312 2042 ἁπλοῦν
1325 1987 1385 2049 003
1417 1987 1476 2040 ndv.

871 2079 1015 2144 simpliciter
1049 2078 1135 2136 ἁπλῶς
1169 2078 1250 2144 (coni.
1276 2078 1373 2144 σαφῶς)
1413 2074 1476 2142 113

870 2166 983 2239 ἀρχαίως
1001 2168 1044 2219 καί
1063 2165 1117 2218 λίαν
1136 2164 1223 2223 ἁπλῶς
1243 2163 1318 2227 1731
1352 2165 1477 2214 dumtaxat
1518 2177 1524 2192 ·

871 2254 958 2312 ἁπλῶς
976 2256 1008 2307 τά
1026 2252 1129 2306 ἐπίθετα
1148 2252 1207 2317 437

817 2342 874 2394 ἀπό
893 2359 915 2395 ο.
929 2359 987 2411 gen.
1007 2343 1056 2395 loc.
1075 2341 1218 2411 ἀποστήσας
1241 2338 1291 2392 ἀπὸ
1314 2346 1367 2392 τῶν
1390 2337 1476 2392 ὅπλων

869 2431 927 2487 τσδς
940 2431 1115 2499 πομπεδοντας
1129 2430 1188 2496 nm
1220 2428 1355 2487 ἀπόστασις
1367 2428 1418 2481 ἀπὸ
1431 2433 1478 2498 τῆς

870 2524 923 2570 τιῖιν
933 2517 1140 2586 Λακεδαιμονίων
1150 2516 1294 2590 συμμαχίας
1304 2515 1379 2581 2731
1401 2517 1417 2583 ἡ
1428 2517 1477 2569 ἀπὸ

871 2601 959 2674 Φυλῆς
981 2605 1089 2664 κάθοδος
1110 2605 1175 2670 433
1212 2605 1261 2657 ἀπδ
1285 2600 1371 2672 Φυλῆς
1395 2602 1478 2664 3032

871 2693 935 2758 403
974 2693 1052 2765 βουλὴ
1072 2694 1211 2765 κληρουταε
1229 2695 1262 2762 φ,
1286 2692 1300 2743 ἱ
1323 2692 1372 2744 άπδ
1396 2691 1477 2760 φυλῆς

872 2781 981 2850 ἑκάστης
994 2781 1072 2843 4533
1091 2783 1123 2834 cf.
1137 2781 1214 2848 7137
1245 2778 1390 2847 ἐπωνυμίαν
1404 2779 1477 2847 ίσχεν

871 2868 885 2921 δ
908 2869 957 2921 ἀπὸ
980 2874 1026 2921 τοῦ
1049 2871 1159 2922 τυπάνου
1182 2868 1248 2935 493
1284 2867 1403 2920 καθελὼν
1426 2868 1476 2919 ἀπὸ

871 2956 1084 3027 τῶνΙὲπισπσλίων
1098 2957 1158 3021 513
1189 2950 1332 3027 συλλίγεται
1351 2956 1380 3008 τὸ
1394 2955 1476 3008 ἔλαιον

871 3045 921 3098 ἀπὸ
949 3052 1002 3097 τῶν
1027 3051 1123 3116 μοριῶν
1152 3045 1216 3108 713
1257 3040 1305 3116 τρί’
1324 3044 1476 3114 ῆμικοτόλια

870 3133 919 3187 ἀπὸ
938 3139 983 3186 τοῦ
1003 3132 1135 3205 στελέχους
1153 3133 1262 3186 ἑκάστου
1281 3131 1346 3197 713
1365 3133 1397 3184 εί.
1411 3132 1477 3198 71,8

870 3221 1004 3290 ἀρξάμενοι
1023 3221 1072 3274 ἀπὸ
1091 3225 1137 3290 τῆς
1149 3219 1267 3289 τετράδος
1285 3220 1419 3287 ίσταμίνου
1433 3220 1475 3280 73,

872 3307 904 3361 13
944 3317 1057 3382 στοιχεῖα
1088 3309 1137 3361 ἀπὸ
1171 3313 1216 3360 τοῦ
1248 3306 1383 3361 ἑνδεκάτου
1411 3307 1476 3371 743

870 3396 990 3467 ὑπηρίται
1009 3397 1032 3449 οί
1050 3396 1166 3466 δημόσιοι
1184 3394 1234 3447 ἀπὸ
1252 3400 1299 3464 τῆς
1317 3395 1398 3466 φυλῆς
1417 3395 1475 3448 ἑκά·

869 3500 930 3553 στης
943 3484 1118 3554 παραδιδόασιν
1136 3485 1168 3535 τὰ
1184 3483 1292 3552 κιβώτια
1304 3483 1364 3549 773
1396 3491 1476 3551 temp.

870 3568 917 3642 ἀφ’
932 3571 960 3625 οὗ
982 3571 1057 3635 1937
1089 3571 1139 3624 ἀπὸ
1153 3567 1324 3640 Κλεοφῶντος
1336 3571 1397 3635 323
1428 3568 1474 3640 ἀφ’

869 3660 900 3730 ῆς
919 3659 948 3711 ἀν
962 3659 1089 3725 όμόσωσιν
1107 3659 1165 3716 τοὺς
1184 3655 1275 3730 ὅρκους
1293 3658 1355 3711 δίκα
1372 3659 1476 3730 ῆμεριῖιν

868 3749 930 3812 413
960 3746 1097 3816 μεταβολή,
1114 3743 1159 3816 ἀφ’
1176 3746 1206 3817 ῆς
1223 3747 1289 3819 ἀρχὴ
1307 3747 1478 3818 δημοκρατίας

870 3838 968 3904 ίγένετο
986 3835 1068 3900 4036
1105 3830 1154 3900 ἀφ’
1168 3834 1198 3905 ἧς
1217 3834 1385 3905 διαγεγένηται
1404 3837 1477 3906 μέχρι

871 3929 917 3994 τῆς
944 3929 986 3977 νῦν
1013 3923 1078 3989 433
1121 3923 1190 3981 ίντδς
1212 3927 1230 3990 γ
1251 3923 1353 3994 ἡμερῶν
1380 3921 1427 3993 ἀφ’
1447 3923 1477 3994 ῆς

872 4012 953 4065 ίδωκε
971 4012 1016 4069 τάς
1029 4010 1135 4069 εδθόνας
1147 4011 1208 4077 503
1240 4012 1289 4065 ἀπὸ
1302 4013 1368 4070 τίνος
1386 4012 1476 4084 ἀρχον-

871 4118 913 4158 τος
936 4101 979 4151 καί
997 4098 1133 4167 ἐπωνὺμου
1156 4100 1229 4172 μίχρι
1253 4101 1327 4153 τίνων
1350 4099 1386 4153 δεῖ
1404 4117 1477 4172 στρα·

870 4187 986 4241 τείιεσθαι
1009 4186 1093 4252 5934
1135 4203 1207 4240 caus.
1225 4186 1305 4256 ὄνομα
1318 4228 1325 4241 .
1339 4226 1366 4242 ..
1385 4188 1420 4246 ὡς
1445 4187 1476 4240 ἀν

871 4276 921 4329 ἀπὸ
930 4279 976 4327 τοῦ
985 4277 1131 4345 πράγματος
1141 4275 1256 4343 κείμενον
1266 4276 1329 4342 830
1355 4277 1423 4349 είχον
1435 4316 1440 4328 .
1451 4316 1458 4328 .
1470 4317 1477 4330 .

871 4363 1016 4427 ἐπωνυμίας
1033 4363 1083 4416 ἀπὸ
1101 4369 1153 4415 τῶν
1171 4363 1259 4416 τόπων
1281 4363 1356 4425 1535
1387 4365 1476 4436 ίπράτ-

870 4470 928 4504 τετο
951 4451 1000 4504 ἀπὸ
1019 4457 1073 4503 τῶν
1091 4453 1246 4520 γιγνομένων
1264 4449 1374 4521 δεκάτην
1395 4451 1475 4518 1832

871 4540 1053 4611 προσηγόρευσε
1072 4539 1098 4592 δὲ
1116 4546 1168 4592 τῶν
1182 4540 1271 4611 δημων
1285 4541 1343 4597 τοὺς
1362 4541 1406 4608 μὲν
1426 4539 1475 4593 ἀπὸ

870 4635 922 4681 τῶν
942 4629 1081 4682 κτισάντων
1106 4627 1206 4693 2533
1243 4627 1293 4681 ἀπὸ
1316 4634 1369 4680 τῶν
1388 4627 1476 4699 φόρων

872 4719 915 4769 καὶ
942 4722 994 4769 τῶν
1016 4715 1096 4768 τελῶν
1120 4712 1254 4787 τρίφεσθαι
1278 4715 1361 4779 3830
1402 4713 1476 4768 ἀλλαι

870 4809 927 4874 νῆες
950 4805 1008 4862 τοὺς
1029 4804 1122 4875 φόρους
1146 4802 1249 4872 ἄγουσαι
1271 4803 1330 4861 τοὺς
1353 4802 1402 4856 ἀπὸ
1430 4809 1475 4856 τοῦ

870 4895 971 4961 κυάμου
996 4891 1128 4966 δισχιλίους
1152 4889 1240 4962 ἄνδρας
1260 4890 1341 4960 3830
1378 4891 1478 4951 τοθτοις
