3510 5610
117 332 339 391 ντιιινοιιιιιι
1203 327 1334 413 σταθμός
1423 328 1485 395 145

171 512 215 565 τὸν
243 508 356 580 ὕστερον)
382 507 465 572 4439
506 505 570 573 (τῶν
593 501 774 575 δικαστηρίων)

170 597 253 665 7732
291 598 354 663 (τῶν
373 597 472 671 ἀρχῶν)
492 593 573 660 7737
611 593 661 663 (τῷ
679 591 774 666 πρώτη)
823 584 956 664 Ῥηίδιος.
993 587 1085 660 ρᾳδίως
1105 588 1182 654 1938

171 686 274 759 λαχόντι
292 684 457 756 δίκαστηρίιρ)
474 683 549 749 1738
585 682 654 750 plur.
667 681 775 750 politice
827 676 966 748 ψαίλυμία
987 678 1064 742 1030

171 775 194 828 01
212 781 310 847 πρῶτοι
328 774 403 841 (opp.
416 773 439 825 01
458 773 540 841 μίσοι)
559 769 602 836 6,9
632 770 659 824 αί
677 775 776 841 πρῶται
828 765 934 836 ῥέζειν.
971 764 1055 836 ίερδον
1078 764 1140 819 Solo
1157 765 1236 831 1232
1273 764 1344 839 ίρεξα
1368 764 1485 826 801013,
1543 817 1546 823 ,

170 869 223 916 τών
242 863 329 932 όργών
352 859 400 926 4,5
436 862 495 919 τοὺς
513 859 606 930 φόρους
629 859 689 916 τοὺς
706 857 774 927 πρώ-
883 852 914 905 19
934 869 957 905 ν,
971 852 1051 924 ἔρδειν

170 969 230 1009 τους
253 949 335 1018 2734
371 947 397 1001 αἱ
420 953 466 1016 μὲν
489 954 588 1019 πρῶται
605 944 702 1016 (φυλαί)
721 945 776 997 τίτ·
829 941 942 1012 ριίοδν.
979 937 1052 994 οόπω
1070 945 1118 1011 τῆς
1135 942 1215 1014 ἀρχῆς
1233 941 1402 1016 ἑρριζωμίνης
1423 941 1485 1007 173

172 1058 245 1109 ταρες
258 1078 264 1092 .
278 1078 285 1092 .
300 1078 306 1091 .
320 1038 345 1090 αί
363 1036 389 1090 31
405 1022 425 1097 ἶ
441 1037 467 1088 αί
485 1033 586 1108 ὕστεραι
597 1034 677 1101 4534
706 1039 776 1104 πρῶ·

171 1145 213 1186 τος
243 1123 406 1198 ώοτρακίσ3η
441 1129 494 1177 τῶν
523 1124 619 1178 ίκείνου
649 1127 776 1192 συγγενῶν

167 1212 308 1285 Ἵππαρχος
338 1211 403 1279 26,7
433 1212 467 1265 cf.
492 1212 575 1278 2638
624 1208 777 1280 (προστάτης

172 1303 268 1373 ίγίνιτο
290 1304 336 1354 τοῦ
359 1300 454 1370 δήμου)
473 1300 538 1365 31,5
574 1298 670 1370 (ἦρξεν)
694 1297 776 1357 2935
830 1292 929 1355 Σάκας
948 1294 1092 1367 (κρατερόν)
1112 1295 1174 1350 Solo
1191 1296 1248 1361 123

171 1387 348 1457 04303322
379 1389 431 1454 (ἐπὶ
448 1393 494 1441 τοῦ
512 1388 626 1459 βηματας
645 1386 776 1454 ἀνέκραγε)
829 1383 922 1443 σανίς.
957 1383 1099 1455 γράψαντες
1116 1384 1141 1437 ἐν
1160 1385 1239 1439 σανίδι
1256 1385 1334 1450 5139

173 1478 248 1545 3131
287 1478 345 1548 (την
363 1474 497 1547 διωβελίαν
516 1475 625 1545 ἐπόρισε)
643 1472 723 1541 3138
745 1473 777 1525 01.
830 1473 937 1544 σαρίρς.
974 1473 1032 1526 τόν.
1047 1478 1134 1542 σαφῶς
1154 1472 1234 1539 (coni.
1248 1473 1345 1538 όπλῶς)
1366 1474 1425 1538 113

173 1566 242 1647 323.
263 1567 324 1625 τοὺς
340 1564 403 1617 δίκαι
421 1563 479 1621 τοδς
497 1563 614 1634 πρώτους
632 1558 778 1633 αἰριθίντας
830 1563 934 1615 σείειν.
963 1561 1089 1619 σείσαντος
1101 1564 1146 1615 τοῦ
1156 1560 1282 1633 ὑπηρέτου
1292 1560 1361 1616 ἕλκει
1373 1561 1387 1615 ό
1397 1561 1487 1629 οτσμο·

173 1654 253 1720 4030
286 1650 345 1711 τοός
362 1651 479 1720 πρώτους
496 1649 622 1721 λαχόντας
640 1648 700 1714 78,5
882 1646 958 1717 οίτης
981 1647 1007 1709 ἐξ
1025 1649 1134 1703 δκόστου
1156 1655 1201 1703 τοῦ
1225 1650 1348 1721 κιβωτίου
1372 1652 1487 1704 πινάκιον

209 1743 269 1796 τόν.
278 1746 380 1813 πρῶτον
389 1738 590 1809 (προσέρχονται)
600 1737 679 1802 4732
697 1736 777 1801 (εδδο-
882 1737 908 1789 ἕν
926 1736 986 1799 753

174 1829 338 1900 κιμιψσαντος)
351 1827 413 1892 303
443 1828 543 1896 (νόμους
562 1825 714 1895 ἀνίγραψαν)
733 1823 777 1890 42,
830 1822 1010 1897 σεισάχθεια
1030 1826 1136 1880 Solonis
1149 1826 1218 1894 632.
1229 1825 1263 1881 24
1283 1827 1342 1894 133

174 1917 207 1971 25
238 1918 261 1970 01
273 1922 375 1987 πρῶτον
388 1913 581 1973 ίναντιωδίντες
593 1913 671 1979 3838
701 1910 777 1983 ἡγοδ·
830 1915 1001 1984 σημαίνειν.
1031 1915 1175 1980 siqnificaro
1194 1914 1230 1974 ώς
1247 1915 1488 1987 τηνίπιιάδατιῦτο

173 2023 244 2074 μενοι
265 2009 341 2058 τοῦτο
360 2010 462 2074 πρῶτον
481 2003 566 2075 όρχειν
584 1989 634 2055 όείν
651 2003 698 2071 τῆς
716 2000 777 2069 όμο-
883 2002 1052 2072 σημαίνουσαν
1070 2000 1111 2067 93
1156 2011 1160 2022 ’

174 2094 241 2151 νοίας
254 2093 330 2160 4231
369 2092 518 2162 τὸπρῶτον
538 2089 614 2155 1937
633 2087 712 2154 2032
748 2087 778 2141 τὸ
830 2096 960 2161 σημαίαν
979 2091 1135 2143 testimonium
1154 2092 1223 2157 435.
1234 2091 1268 2145 24
1287 2093 1330 2159 83
1367 2092 1490 2163 sequ-612

174 2186 221 2250 μίν
240 2179 285 2234 οὖν
303 2187 405 2251 πρῶτον
418 2179 496 2247 2236
514 2176 593 2245 3733
611 2176 689 2231 4333
720 2175 778 2230 τότε
884 2177 926 2242 93
948 2177 1024 2240 1533

174 2276 274 2341 πρώτον
295 2267 371 2333 1735
391 2268 460 2332 263.
472 2269 504 2320 14
523 2265 583 2332 313
601 2265 680 2329 4232
710 2270 779 2335 πρώ-
831 2267 966 2337 σίτησις.
1003 2268 1038 2327 είς
1057 2268 1152 2337 σίτησιν
1170 2267 1320 2333 733915

174 2376 218 2410 τον
241 2357 286 2426 μδν
304 2356 371 2424 (οὖν)
384 2395 390 2409 .
405 2395 412 2409 .
425 2394 432 2408 .
445 2355 530 2408 ίπειτα
549 2355 704 2421 (numquam
722 2352 778 2404 adi·
832 2356 958 2414 σιτικός.
994 2355 1023 2408 τὸ
1042 2356 1138 2410 σιτικὸν
1157 2356 1276 2428 ἐμπόριον
1294 2356 1374 2424 5532

174 2453 232 2500 0010
256 2445 294 2514 δί)
313 2444 390 2511 2431
411 2443 489 2511 2532
508 2442 585 2509 2837
604 2438 682 2506 3032
701 2438 781 2504 3330
832 2449 915 2501 σῖτος
934 2443 999 2509 463
1018 2444 1083 2511 653
1120 2445 1205 2514 ζημιοῖ
1222 2447 1261 2515 τῷ
1280 2443 1341 2514 σίτῳ
1360 2445 1422 2512 533
1448 2445 1493 2511 55,

174 2533 253 2598 3638
265 2531 344 2599 3332
357 2531 418 2598 463
430 2530 510 2598 4939
523 2528 583 2596 553
602 2528 682 2595 6530
712 2533 780 2596 πρῶ·
886 2531 911 2584 5.
925 2532 954 2583 11

174 2640 218 2674 τον
229 2662 235 2675 .
247 2662 253 2675 .
264 2662 271 2676 .
281 2620 367 2675 ἔπειτα
380 2620 440 2686 81,9
471 2623 573 2690 πρῶτον
587 2622 633 2687 μὲν
644 2656 651 2671 .
662 2655 668 2670 .
679 2656 685 2670 .
696 2615 781 2670 ἔπειτα
833 2617 1004 2689 σιτορδλαξ
1026 2635 1093 2689 mag.
1107 2625 1153 2673 att„
1168 2619 1236 2687 plur.
1249 2620 1309 2686 55‚3

176 2749 224 2763 ...
241 2711 326 2764 ἔπειτα
349 2707 413 2774 633
450 2713 552 2777 πρῶτον
575 2707 620 2775 μὲν
634 2746 640 2758 .
654 2746 660 2759 .
674 2747 681 2759 .
695 2705 781 2759 ίπειτα
832 2706 981 2760 σκάπτειν
1000 2706 1112 2774 (πέτρας)
1134 2705 1192 2770 19,3

175 2837 181 2850 .
195 2837 202 2850 .
216 2837 223 2852 .
235 2798 316 2871 τρίτον
336 2795 363 2849 δί
376 2835 383 2849 .
396 2833 404 2847 .
418 2834 424 2847 .
441 2796 517 2859 1035
554 2799 655 2863 πρῶτον
674 2795 720 2863 μίν
733 2833 740 2846 .
754 2833 761 2847 .
775 2833 781 2846 .
833 2798 945 2852 σκεῦος
965 2795 1033 2863 plur.
1047 2807 1199 2847 armamenta
1217 2798 1298 2863 (coni.
1314 2801 1367 2850 τών
1386 2814 1491 2866 πεποιη·

176 2885 374 2944 ἔπειτα...ίτι
397 2884 423 2937 δί
446 2884 512 2947 693
548 2887 649 2949 πρῶτον
672 2887 718 2950 μὲν
886 2883 971 2951 μίνων
998 2883 1117 2954 τριήρων,
1144 2891 1196 2937 τῶν
1223 2885 1379 2948 νεωσοίκων)
1406 2886 1493 2948 4930

174 2971 227 3024 ε1τα
252 2972 334 3038 4432
370 2978 473 3043 πρῶτον
557 2970 643 3023 ἔπειτα
726 2969 781 3022 εἶτα
886 2970 964 3035 4932

175 3060 480 3113 ...δπειτα...ίπειτα
505 3058 568 3124 733
610 3063 713 3129 πρῶτον
736 3059 781 3126 μέν
834 3059 993 3129 σκήπτειν.
1024 3064 1217 3129 τώνγυναικῶν
1236 3059 1291 3114 όσαῑ
1310 3061 1340 3114 όν
1359 3064 1492 3132 σκήπτων-

175 3147 352 3218 ...δεδτερον
377 3148 403 3200 δέ
423 3147 503 3212 4331
542 3152 643 3218 πρῶτον
666 3146 750 3214 μὲν..
766 3185 782 3212 .,
887 3166 928 3200 ται
946 3145 1015 3200 κψειν
1035 3147 1095 3214 653

177 3236 291 3305 δεώτερον
310 3236 336 3288 δδ
349 3275 355 3288 .
370 3274 376 3288 .
391 3276 407 3303 .,
425 3236 507 3306 τρίτον
521 3274 527 3286 .
542 3273 548 3286 .
562 3273 578 3300 ,,
597 3235 715 3303 τέταρτον
739 3232 782 3298 34,
835 3234 957 3305 σκῆψις.
993 3236 1038 3293 τὰς
1058 3236 1163 3308 σκήψεις
1180 3238 1273 3307 είστίγτι
1291 3239 1368 3302 0337

177 3323 211 3376 25
241 3323 270 3376 τό
290 3325 334 3392 μὲν
348 3325 588 3396 πρῶτον...μετᾶ
607 3323 632 3376 δὲ
645 3327 725 3375 ταῦτα
738 3322 781 3386 43
834 3323 969 3377 σκολιόν.
1001 3326 1027 3376 ἐν
1046 3330 1098 3383 τοῖς
1116 3324 1225 3386 σκολιοῖς
1243 3325 1290 3393 (sc.
1304 3324 1494 3397 ᾄσμασιν)22,5

177 3419 279 3485 πρῶτον
302 3413 346 3481 μίν
429 3413 494 3481 μετὰ
516 3412 543 3464 δὲ
566 3415 645 3464 ταῦτα
664 3412 783 3464 ...εἶτα
887 3411 947 3477 243

178 3542 185 3555 .
199 3540 206 3555 .
220 3539 226 3554 .
240 3500 325 3554 ἔπειτα
339 3500 399 3565 623
427 3506 528 3571 πρώτον
542 3501 587 3569 μὲν
597 3497 721 3572 Ἀγύρριος
735 3539 741 3552 .
755 3539 762 3552 .
776 3539 782 3553 .
836 3504 965 3553 σκοπεῖν
978 3498 1035 3567 (τάς
1053 3518 1081 3553 τε
1094 3499 1243 3574 αδλητρίδας
1256 3504 1300 3556 καί
1316 3505 1361 3561 τὰς
1373 3503 1496 3575 ψαλτρίας

176 3590 241 3657 μετὰ
264 3588 290 3642 64
308 3592 399 3642 τοῦτον
416 3585 624 3659 Ἡρακλείδης..
640 3588 732 3641 ,πόλιν
757 3581 781 3638 δ’
889 3589 933 3640 καί
951 3589 996 3645 τὰς
1014 3584 1185 3660 κιοαριστρίας
1203 3589 1274 3649 όπως
1292 3592 1328 3662 μὴ
1346 3591 1458 3652 πλείονος
1477 3593 1494 3662 ἡ

174 3673 299 3748 Ἀγόρριος
312 3676 391 3743 4335
422 3684 523 3749 πρῶτον
542 3678 587 3747 μὲν
602 3716 608 3729 .
622 3715 628 3729 .
643 3714 649 3727 .
663 3691 737 3744 sequ.
757 3674 783 3727 δέ
888 3675 954 3728 δυεῖν
974 3675 1097 3748 δραχμαῖς
1115 3677 1332 3748 μεσθωθήσονται)
1351 3678 1430 3744 5430

177 3765 289 3818 liberius
310 3764 386 3829 1732
406 3764 466 3831 623
486 3765 565 3831 7534
836 3762 1027 3834 σοφίζεσθαι.
1064 3765 1145 3819 πολλὰ
1164 3767 1334 3837 σοριζομόνων
1356 3771 1409 3818 τῶν
1432 3784 1493 3835 πρυ·

127 3852 219 3913 πίιξιν
228 3871 259 3912 ος
278 3851 413 3919 (πινάκιον)
432 3853 511 3920 7435
889 3855 997 3919 τάνεων,
1011 3850 1082 3912 ὅπως
1094 3858 1255 3925 προσιστῖγται
1266 3855 1295 3908 τό
1308 3853 1405 3924 πλῆίδος
1417 3853 1496 3918 4334

128 3942 271 4011 πυρκαϊοὶ.
307 3946 430 4011 πυρκαιᾶς
448 3940 531 4011 (δίκη)
551 3940 628 4006 6632
837 3940 930 4010 σοφός
950 3956 1065 4008 compar.
1079 3942 1153 4012 (opp.
1167 3941 1345 4013 ἀνδρειότερος)
1367 3942 1422 4005 173

128 4027 224 4097 πυρός
243 4027 309 4096 ρ1ιιτ.
322 4029 383 4095 553
838 4034 915 4081 σπᾶν
935 4029 1003 4081 med.
1016 4029 1075 4101 (τὴν
1094 4031 1230 4103 μάχαιραν)
1250 4030 1326 4095 2137

128 4115 176 4168 πώ
196 4132 221 4167 ν.
233 4113 316 4182 οὕτω,
334 4116 439 4169 πώποτε
837 4115 981 4168 σπεδδειν
1001 4116 1080 4179 7930

128 4202 245 4258 πωλεῖν
269 4204 381 4272 (τοῦτον)
404 4203 469 4269 443
510 4205 553 4271 (τό
575 4202 697 4272 μίταλλα)
720 4203 785 4267 503
838 4203 1024 4265 σπουδάζειν
1048 4206 1130 4259 0101.
1147 4204 1230 4270 3633
1249 4204 1332 4270 5431
1370 4223 1392 4259 c.
1406 4223 1459 4260 000.
1474 4223 1496 4260 0.

180 4295 236 4357 (τὰς
245 4292 329 4351 οόσίας
338 4299 390 4345 τῶν
401 4292 426 4352 ἐξ
436 4290 528 4365 Ἀρείου
538 4295 618 4362 πάγου
628 4292 785 4362 φευγόντων)
889 4292 938 4346 inf.
950 4292 1020 4356 40,7.
1034 4294 1063 4345 17

181 4381 260 4448 5031
305 4383 348 4448 (τὰ
370 4381 472 4452 ἄλφιτα)
493 4380 557 4446 553
599 4379 653 4446 (τὸν
676 4379 784 4451 καρπόν)
838 4379 963 4450 σπουδή.
1001 4383 1064 4449 μετὰ
1083 4381 1192 4452 σπουδῆς
1210 4382 1270 4448 29,5

181 4470 247 4533 713
283 4471 338 4522 abs.
357 4470 381 4522 οἱ
403 4469 547 4527 πωλοῦντες
569 4468 634 4533 553
672 4466 787 4521 ἐπώλουν
840 4469 972 4522 στάδιον.
1010 4469 1079 4526 ἐντὸς
1097 4472 1108 4521 ῖ
1127 4469 1234 4523 σταδίων
1254 4469 1332 4534 5432

181 4557 205 4608 01
230 4556 305 4626 δῆμοι
328 4557 393 4621 733
435 4575 506 4626 pass.
525 4557 594 4616 όπως
616 4555 717 4625 καοαρδ
744 4558 788 4609 καὶ
840 4556 977 4625 σταθμός
996 4561 1100 4626 pondus
1118 4559 1192 4622 11,13
1223 4558 1291 4625 plur.
1305 4556 1405 4625 οταδμαὶ
1417 4558 1496 4621 (coni.

182 4644 308 4714 ἀκίβδηλα
331 4643 477 4714 πωλήσεται
500 4645 581 4713 5439
602 4663 625 4698 ν.
638 4649 788 4718 πιπράσκειν
894 4646 982 4715 μίτρα)
1003 4644 1131 4710 113416
1167 4645 1192 4697 01
1209 4644 1355 4715 όρτοπῶλαι
1373 4644 1435 4714 πρός
1453 4645 1498 4702 τὰς

131 4730 279 4801 πωλητής
299 4748 366 4800 mag.
381 4738 426 4786 att.
441 4734 508 4803 plur.
522 4736 565 4799 83
584 4735 643 4799 503
664 4735 724 4800 563
894 4735 967 4801 τιμὰς
995 4739 1045 4785 τών
1074 4738 1161 4802 πυρῶν
1184 4734 1243 4790 τοὺς
1266 4734 1355 4802 ἄρτους
1382 4735 1426 4785 καί
1453 4734 1497 4786 τδν

131 4818 263 4871 πώποτε.
301 4818 381 4878 οὐδεὶς
397 4822 501 4875 πώποτε
519 4824 580 4886 423
895 4819 1007 4889 σταθμὸν
1031 4821 1136 4890 α’γοντας
1159 4819 1218 4872 όσον
1246 4820 1275 4871 ἂν
1298 4819 1367 4873 οὗτοι
1390 4820 1499 4881 τάξωσιν

207 4963 215 4983 ,
895 4907 956 4968 553
987 4907 1371 4977 (οίμετρονόμοι)τώνμίτρων
1385 4912 1429 4962 καὶ
1446 4916 1498 4960 τῶν

184 4995 341 5052 8ορρ1.Αιίισ
360 4997 422 5041 1112.
450 5000 520 5044 Arist.
535 5012 552 5043 r.
567 5002 686 5056 p.Atheu.
1247 5010 1279 5063 10
