3510 5610
195 332 237 396 64
415 330 641 385 ARISTOTELIS
662 330 727 383 Res
746 330 895 385 PUBLIGA
916 330 1177 384 ATIIIINIENSIUlI
1197 332 1256 386 LVI
1270 332 1339 385 4-6

248 505 426 589 ἀναλώματα
460 506 526 589 παρ’
545 502 671 587 atreb]
706 503 903 588 ἀνήλιήσήκον,
936 510 985 569 νόν
1013 504 1035 569 δ’
1061 505 1111 568 ἕνα
1134 511 1186 589 τῆς
1209 503 1318 587 φυλῇής
1346 505 1565 590 ἑκήοίστηςμάδ

248 611 352 692 κληροῖ
376 611 424 673 καί
453 610 568 672 διδωσιν
597 608 638 676 είς
664 609 717 690 τὴν
740 609 922 691 κατασκευήν
946 610 1048 672 ἑκατὸν
1072 613 1154 690 μνᾶς.
1242 608 1454 693 ἐπιμελ[εῖτα]ι
1477 609 1510 672 δὲ
1548 619 1564 674 5

247 713 294 776 καί
328 717 381 796 τῆς
407 714 448 781 τίς
471 712 622 797 Θαργήλια
655 712 703 774 καὶ
730 716 781 795 τῆς
810 717 852 797 τῷ
881 712 926 775 Διί
954 719 996 797 τῷ
1021 713 1148 798 Σωτῆρι.
1193 715 1298 775 διοικεί
1323 712 1355 774 δέ
1382 714 1430 775 καί
1459 715 1510 776 τὸν

247 815 348 898 ἀγῶνα
375 815 449 899 τῶήν
472 815 645 899 Διοήνυσίων
675 813 759 882 οὖτος
786 816 833 878 καὶ
857 821 915 876 τῶν
939 815 1121 899 Θαργηλίων.
1166 816 1276 898 ἑορτῶν
1300 816 1351 894 μὲν
1375 814 1425 879 οὖν
1449 816 1510 879 ἐπι-

212 923 376 1001 ομελεῐται
409 921 530 984 τούτων.
618 921 724 1002 γραφαί
758 917 806 1001 δήέ
839 917 900 1001 καί]
936 920 1011 983 δίκαι
1038 920 1231 1004 λαγχάνονται
1253 920 1326 1001 πρὸς
1347 919 1447 993 αὐτόν,
1474 921 1510 989 ἃς
1548 930 1563 984 δ

247 1024 400 1107 ἀνακρίνας
427 1025 468 1090 είς
494 1025 526 1085 τδ
554 1022 739 1104 δικαστήριον
767 1022 883 1103 εἰσάγει,
914 1021 1051 1105 [γοήνέων
1079 1026 1239 1090 κακώσεως
1266 1021 1365 1105 (αὗται
1392 1021 1415 1085 δ’
1436 1025 1509 1087 εἰσὶν

248 1129 366 1211 ἀζήμιοι
388 1132 431 1210 τῷ
456 1125 626 1211 βουλομένῳ
650 1124 820 1208 δ[ι]ώκειν),
848 1126 984 1209 ὀρφανῶν
1007 1130 1168 1195 κακώσεως
1189 1125 1289 1209 (αὖται
1313 1125 1335 1188 δ’
1355 1127 1410 1189 εἰσὶ
1433 1128 1510 1190 κατά

246 1237 304 1293 τῶν
338 1228 526 1312 ἐπιτρόπων),
561 1231 717 1313 ἐπικλήρου
746 1229 922 1313 κακώσεήως
943 1280 949 1293 .
968 1280 974 1294 .
993 1280 999 1293 .
1018 1280 1025 1293 .
1042 1229 1155 1314 (atqle
1182 1228 1203 1293 δ’
1236 1232 1291 1293 εἰσί
1318 1230 1391 1294 κατὰ
1420 1230 1508 1315 [τῶν]

246 1332 410 1416 ἐπιτρόπων
433 1335 482 1397 καί
504 1339 562 1396 τῶν
585 1333 820 1415 συνοικούντων),
849 1331 930 1397 οἴκου
954 1334 1111 1418 ὀρφανικοῦ
1133 1336 1295 1402 κακώσεως
1315 1335 1386 1415 (εἰσὶ
1407 1336 1440 1397 δὲ
1460 1337 1509 1398 καὶ

197 1459 227 1504 το
248 1437 346 1521 [αὗται
378 1436 452 1501 κατὰ
487 1436 558 1520 τῶν]
594 1436 814 1522 ἐπιτρόήπήων),
842 1438 1010 1519 παρανοίας,
1039 1439 1090 1500 ἐαίν
1117 1461 1159 1506 τις
1186 1438 1315 1501 αἰτιᾶταί
1333 1461 1396 1501 τινα
1418 1462 1510 1521 παρα·

246 1546 366 1605 νοοῦντα
392 1541 428 1603 τὰ
457 1539 470 1624 [
479 1589 710 1605 ..........
727 1538 941 1624 αἰ]πολλόν[αι],
965 1541 1007 1610 είς
1029 1544 1162 1624 δατητῶν
1185 1541 1304 1625 αἵρεσιν,
1327 1541 1377 1604 ἐιίν
1400 1565 1443 1610 τις
1466 1544 1509 1626 μὴ

192 1750 209 1800 3
227 1764 324 1801 norum
345 1747 520 1817 fragmentum
541 1747 643 1801 litteras
663 1763 762 1815 paucas
781 1749 859 1800 trium
880 1765 1002 1802 versuum
1016 1748 1060 1801 hie
1073 1750 1192 1801 eontinet
1300 1750 1315 1802 6
1334 1747 1364 1801 τὸ
1383 1764 1438 1802 nen
1451 1755 1565 1804 certum.

192 1835 215 1888 δι
228 1853 308 1905 super
323 1853 441 1890 rasuram
455 1838 597 1890 earundem
611 1836 663 1890 litt.
678 1837 807 1905 seriptum
822 1843 863 1890 est
934 1838 951 1890 8
964 1836 1117 1906 κακωσε[ως
1131 1838 1228 1903 αυτ]αι]
1241 1837 1295 1889 nisi
1308 1836 1388 1890 litura
1402 1838 1461 1901 fuit,
1476 1841 1566 1894 maius

192 1925 407 1993 supplementum
431 1924 597 1977 desideratur
738 1925 754 1978 9
778 1942 889 1995 ορφανου
912 1925 953 1991 L‘,
976 1944 1001 1979 ικ
1025 1942 1155 1993 suprascr.
1178 1921 1213 1976 L⁴
1357 1926 1383 1978 ll
1413 1925 1567 2000 ὀπάρχοντα

192 2012 278 2080 suppl.
298 2012 347 2078 Bl,
365 2013 453 2081 spatio
472 2011 606 2077 idoneum,
626 2012 673 2066 sed
693 2028 751 2064 eum
771 2013 892 2079 vestigiis
911 2013 1011 2080 primae
1025 2014 1126 2066 litterae
1141 2028 1234 2080 parum
1248 2015 1378 2082 congruit
1415 2016 1509 2068 nescio
1529 2033 1566 2069 αα

191 2101 400 2169 superscriptum
420 2099 501 2152 fuerit
519 2100 618 2168 aliquid
761 2100 919 2171 διαιτητ(ων)
939 2100 968 2168 L,
987 2117 1052 2154 eorr.
1072 2117 1086 2154 e
1106 2101 1156 2153 lex.
1176 2099 1244 2154 rhet.
1264 2100 1339 2154 Cant.

279 2309 295 2363 5
314 2309 381 2362 Poll.
395 2311 457 2363 VIII
471 2310 505 2363 89
524 2309 537 2363 ό
556 2309 583 2362 δέ
596 2309 683 2379 ἅρχων
697 2307 823 2380 διατίθησι
841 2314 888 2379 μίν
900 2308 1016 2363 Διονόσια
1035 2309 1078 2363 καί
1091 2306 1218 2381 Θαργήλια
1237 2311 1372 2380 μετὰτῶν
1391 2310 1567 2383 ἐπιμελητῶν.

190 2397 258 2451 δίκαί
276 2396 303 2449 δέ
322 2397 383 2465 πρὸς
401 2397 477 2451 αὐτὸν
490 2397 657 2471 λαγχάνονται
671 2397 820 2462 κακώσεως,
839 2400 982 2468 παρανοίας,
1002 2398 1036 2456 είς
1054 2398 1170 2468 δατητῶν
1190 2398 1336 2469 (διαιτητῶν
1350 2399 1441 2468 vulgo)
1460 2401 1567 2473 αἵρεσιν,

191 2486 325 2556 ἐπιτροπῆς
344 2484 469 2556 ὀρφανῶν,
489 2486 631 2556 ἐπιτρόπων
650 2487 824 2547 καταστάσεις,
848 2485 951 2555 κλήρων
975 2487 1018 2538 καί
1042 2485 1189 2556 ἐπικλήρων
1213 2486 1370 2539 ἐπιδικασίαι.
1413 2488 1566 2556 ἐπιμελεῖτα

191 2573 217 2626 δέ
235 2573 349 2627 καὶτῶν
368 2579 495 2642 γυναικῶν
514 2575 541 2626 al
559 2573 588 2626 ἀν
606 2579 687 2644 φῶσιν
711 2569 749 2625 ἐπ’
770 2572 858 2642 ἀνδρὸς
880 2572 986 2644 τελευτή
1008 2571 1088 2636 κίνειν,
1110 2574 1154 2626 καί
1178 2576 1236 2632 τοὺς
1260 2575 1345 2634 αίκους
1368 2575 1488 2644 έκμισδοῖ
1510 2583 1565 2629 τῶν

191 2661 318 2732 ὀρφανῶν.
391 2662 516 2730 Ηετροοτ.
536 2678 556 2714 s.
570 2679 594 2713 ν.
622 2663 743 2732 ἡγεμονία
762 2662 935 2732 δικαστηρίουι
964 2698 1053 2714 .....
1073 2661 1146 2715 ἀλλαι
1164 2662 1226 2734 πρὸς
1245 2664 1337 2722 α’λλαιις
1354 2671 1407 2718 τῶν
1427 2666 1564 2738 ἀρχόντων

190 2766 359 2839 ἐλαγχάνοντο
382 2765 458 2830 δίκαι,
482 2768 527 2824 τὰς
549 2766 575 2819 δέ
599 2765 778 2840 ἀπενεχδείσας
801 2768 827 2819 αί
849 2767 925 2839 ἀρχαί
947 2768 1014 2820 κατὰ
1036 2765 1080 2819 τὸν
1099 2767 1178 2837 αδτῆς
1198 2768 1287 2839 (αὐτῆς
1306 2771 1341 2833 D;
1365 2757 1398 2823 αδ
1417 2771 1451 2833 Ε;
1476 2771 1565 2824 αὐτῶν

191 2856 231 2907 τοί
251 2854 327 2907 αότόν
345 2855 439 2923 reliqui
460 2855 549 2920 codd.)
567 2855 663 2923 ἑκάστη
682 2855 759 2922 νόμον
778 2856 876 2924 εἰσῆγον
896 2855 929 2913 είς
948 2855 1108 2924 δικαστήριον
1126 2856 1253 2925 ἡγουμένη
1272 2860 1315 2910 καί
1333 2864 1490 2928 προεστῶσα,
1509 2859 1563 2912 οίον

189 2942 251 3012 πρὸς
269 2943 314 3012 μίν
333 2941 377 2994 τόν
396 2943 506 3015 ἄρχοντα
526 2942 551 2994 αί
569 2949 622 2995 τῶν
642 2941 759 3014 ὀρφανῶν
779 2944 821 2995 καί
839 2941 995 3013 ἐπικλήρων,
1019 2942 1079 3012 πρὸς
1098 2942 1124 2995 δέ
1143 2943 1187 2996 τόν
1207 2944 1308 3013 βασιλέα
1328 2947 1353 2998 al
1371 2950 1419 3016 τῆς
1438 2946 1563 3016 ἀσεβείας,

190 3031 252 3101 πρδς
270 3030 296 3083 δέ
315 3029 359 3083 τόν
379 3029 540 3104 πολέμαρχον
557 3035 602 3083 τοῦ
620 3031 773 3083 ἀποστασίου
791 3049 819 3082 τε
839 3031 882 3082 καί
900 3031 1076 3102 ἀπροστασίου,
1096 3031 1157 3101 πρὸς
1176 3031 1201 3084 δέ
1221 3033 1280 3090 τοὺς
1297 3031 1454 3100 θεσμοθέτας
1472 3035 1498 3087 αί
1517 3038 1564 3104 τῆς

191 3118 269 3179 ξενίας
288 3138 314 3172 τε
333 3119 376 3171 καί
394 3118 543 3187 δωροΕενίας
562 3119 605 3170 καί
625 3120 794 3188 συκοφαντίας
813 3120 856 3171 καί
875 3119 966 3189 δώρων
985 3123 1028 3171 καὶ
1048 3119 1237 3192 ψευδεγγραφης
1260 3121 1301 3172 καί
1326 3119 1424 3191 ὕβρεως
1443 3122 1487 3174 καί
1506 3140 1562 3190 μοι·

190 3207 260 3280 χείας
278 3209 321 3260 καί
340 3205 496 3278 βουλεόσεως
515 3206 558 3258 καί
583 3205 668 3258 ἄλλων
692 3207 841 3274 (Ερίῑοιααα
861 3207 945 3259 deser.
964 3207 1053 3259 Plrol.l
1078 3207 1162 3272 [unde
1187 3207 1226 3259 Et.
1247 3224 1316 3278 gen„
1341 3224 1373 3261 ex
1394 3226 1445 3278 quo
1466 3209 1506 3261 Et.
1527 3212 1561 3262 ll.

190 3295 297 3364 41839]
317 3303 342 3348 et
361 3295 478 3357 Suid.11).
551 3294 612 3346 Lex.
637 3294 718 3346 Bell.
743 3294 864 3362 quintum
892 3294 949 3357 (BA
973 3294 1086 3361 309,33)
1109 3295 1174 3354 τίνες
1196 3298 1275 3349 ποίων
1298 3296 1467 3367 δικαστηρίων
1491 3298 1560 3368 είχον

190 3385 236 3455 τήν
263 3383 411 3455 ήγτμονίανι
439 3382 501 3454 πρός
528 3381 571 3435 τόν
598 3382 709 3455 ἄρχοντα
732 3381 873 3441 κακώσεως
895 3383 1086 3455 έλαγχαίνανίτο>
1112 3386 1206 3454 γραφαί
1228 3386 1271 3437 καί
1294 3386 1319 3438 al
1339 3390 1391 3438 τῶν
1409 3385 1515 3454 γονέων,
1539 3385 1561 3437 εί

189 3473 294 3528 τοότους
312 3489 349 3528 τις
362 3470 442 3522 αἰτίαν
456 3470 511 3540 ἔχοι
523 3474 627 3534 κακοῦν,
648 3472 690 3523 καί
701 3470 749 3533 (al)
761 3471 812 3522 τῶν
826 3468 953 3540 ὀρφανῶν,
967 3471 1003 3523 ἐτι
1015 3470 1041 3523 δέ
1055 3473 1190 3541 παρανοίας
1204 3474 1247 3525 καὶ
1260 3474 1353 3544 ἀργίας,
1372 3473 1427 3536 (καί
1443 3472 1560 3543 κλήρων)

191 3559 340 3614 ἐπιδικασίαι
352 3559 516 3623 (ἐπιδικασίαν
530 3559 585 3611 coll.
600 3575 664 3611 cerr.
680 3559 792 3621 Bekier)
805 3559 849 3611 καί
862 3559 1006 3629 ἐπικλήρων
1016 3566 1155 3628 γυναικῶν·
1169 3560 1265 3617 ἁπάσας
1274 3559 1367 3618 ταότας
1376 3560 1435 3630 ήγεν
1446 3561 1460 3614 ὁ
1471 3561 1559 3634 ἅρχων

190 3649 224 3706 είς
247 3647 275 3700 τὸ
299 3647 457 3717 δικαστήριον
481 3647 616 3715 ἡγεμονίαν
643 3645 728 3698 αὐτῶν
751 3645 827 3716 έχων.
869 3647 968 3700 Phot.II
993 3670 1026 3690 =
1050 3648 1136 3700 Suid.¹
1161 3649 1281 3718 ήγεμανία
1304 3647 1478 3719 δικαστηρίουε
1507 3658 1560 3707 τοῖς

191 3737 309 3806 ἄρχουσιν
329 3735 358 3788 ot
377 3737 457 3792 παίσας
475 3740 549 3787 πᾶσιν
569 3737 652 3802 ἐφεῖτο
672 3733 742 3791 δίκας
760 3735 874 3804 είσιίγειν,
899 3734 963 3786 ἀλλὰ
984 3735 1023 3805 aqi
1046 3736 1091 3803 μέν
1116 3737 1218 3809 ἄρχοντι
1241 3737 1285 3793 τὰς
1303 3742 1356 3788 τῶν
1376 3735 1497 3808 ὀρφανῶν
1516 3739 1558 3790 καί

189 3826 234 3883 τὰς
252 3829 298 3894 της
316 3823 451 3893 παρανοίας
475 3823 518 3874 καί
543 3823 587 3879 τὰς
611 3828 662 3874 τῶν
687 3820 832 3892 ἐπικλήρων
855 3821 1021 3891 (ἀπακλήρων
1046 3830 1072 3874 et
1089 3824 1165 3875 Phor.
1190 3830 1216 3875 et
1235 3823 1320 3886 Suid.)
1343 3823 1506 3883 ἐπιδικασίας.
1525 3855 1557 3863 -

189 3913 254 3965 Lex.
273 3913 395 3965 Cantabr.
416 3928 436 3963 s.
452 3927 475 3963 ν.
494 3910 627 3976 ἐπώνυμος
646 3909 724 3971 eloe
831 3908 999 3982 λαγχάνονται
1022 3910 1047 3962 δέ
1071 3907 1128 3981 παρ’
1149 3910 1218 3980 αὐτῷ
1238 3912 1281 3963 καί
1299 3911 1401 3981 γραφαί,
1425 3914 1470 3966 καί
1488 3913 1558 3972 δίκας

190 3999 271 4058 είςτὸ
289 3999 447 4068 δικαστήριον
471 3999 569 4067 είσαίγει.
599 4028 631 4035 -
660 3997 723 4051 Lex.
744 3998 825 4051 Βαλίε.
847 4001 930 4066 quint.
960 3999 1017 4065 (BA
1042 4000 1143 4065 ἳ69,ί)τ
1171 4000 1314 4058 κακώσεως
1337 4002 1380 4052 καί
1402 4003 1470 4055 κατὰ
1492 4003 1557 4059 τίνος

190 4086 297 4140 ἐδίδοτο·
321 4086 394 4156 δίκης
412 4084 492 4154 ὀναμοί
510 4085 562 4138 ἐστι
580 4085 648 4138 κατὰ
664 4092 716 4138 τῶν
736 4085 833 4155 ἀνδρῶν
852 4093 906 4143 ταῖς
924 4085 1070 4156 ἐπικλήροις
1087 4085 1182 4154 γυναιξί
1205 4087 1331 4159 διδομένη,
1355 4090 1398 4141 καὶ
1422 4092 1489 4142 κατὰ
1507 4097 1557 4143 τῶν

189 4174 331 4245 ἐπιτρόπων
351 4183 403 4232 τοῖς
421 4173 483 4244 ὺπέρ
502 4181 553 4226 τῶν
574 4174 693 4244 ὀρφανῶν
713 4174 835 4234 ἐπεξιοῦσι
854 4176 897 4227 καί
915 4176 980 4227 κατὰ
993 4181 1046 4227 τῶν
1060 4176 1154 4245 γονέων
1169 4176 1251 4241 (sicI).
1289 4178 1361 4247 καλή
1374 4177 1480 4250 ταιαότη
1501 4179 1556 4250 δίκη

190 4262 272 4322 οὕτως
296 4264 434 4334 ἀπεφέρετο
457 4263 551 4334 γονέων
575 4264 724 4328 κακώσεως,
750 4264 867 4334 ὀρφανῶν
891 4266 1033 4324 κακώσεως
1055 4266 1071 4334 ή
1094 4265 1166 4318 οίκου
1188 4264 1326 4334 ὀρφανικοῠ
1349 4267 1500 4326 κακώσεως.
1525 4297 1556 4305 -

190 4353 289 4404 Ρίιοί.Η
313 4352 467 4409 κακώσεως;
487 4351 559 4421 δίκης
578 4349 658 4418 όνομά
677 4351 742 4403 ἐστιν
761 4352 827 4404 κατὰ
845 4358 922 4423 τριῶν
941 4353 1106 4420 ταττόμενον·
1127 4354 1150 4420 ἢ
1171 4354 1217 4425 γὰρ
1231 4355 1297 4406 κατὰ
1313 4362 1365 4406 τῶν
1385 4355 1485 4428 ἀνδρῶν
1504 4365 1557 4413 ταῖς

190 4439 297 4507 γυναιξίν
316 4438 331 4509 ή
352 4442 418 4492 κατὰ
437 4446 490 4493 τῶν
508 4441 651 4511 ἐπιτρόπων
669 4449 722 4498 τοῖς
740 4438 801 4509 ὑπὲρ
820 4446 872 4492 τῶν
891 4439 1009 4511 ὀρφανῶν
1022 4441 1190 4507 (ἐπ>εξιοῡσιν,
1209 4442 1246 4494 ῶν
1263 4443 1279 4512 ή
1298 4444 1344 4511 μὲν
1357 4443 1457 4513 ἐλέγετο
1470 4445 1556 4499 κακώ-

190 4542 262 4592 σεως,
281 4528 296 4597 ή
316 4527 342 4579 δέ
360 4528 457 4579 παίδων
476 4529 626 4586 κακώσεως.

263 4618 291 4668 ll
313 4615 376 4667 Lex.
391 4615 513 4668 Cantabr.
528 4616 636 4681 66738:
656 4616 690 4674 είς
709 4614 827 4685 δατητῶν
845 4615 966 4687 (δατητὸν
985 4618 1051 4680 οοιί,
1072 4634 1135 4670 cerr.
1151 4620 1243 4684 Meier)
1262 4618 1365 4688 (αἳρεσιν
1379 4622 1439 4673 add.
1453 4624 1555 4686 Μαίων

189 4703 326 4774 πρόκλησις
344 4703 473 4772 νεμήσεως
492 4706 626 4770 (νεμέσεως
640 4704 706 4769 eod„
720 4704 898 4768 territaret)
917 4705 933 4771 ή
948 4705 1116 4774 κληρονομίας
1129 4705 1144 4776 ἢ
1159 4711 1244 4759 κοινοῦ
1257 4726 1323 4766 τινας
1335 4707 1489 4778 ἀγορασμοῦ.
1518 4710 1557 4763 ἐπὶ

189 4798 241 4844 τῶν
260 4792 428 4858 διανεμόντων
445 4796 478 4846 τὰ
496 4796 569 4847 κοινά
587 4810 657 4860 τισιν,
678 4788 901 4863 ώςέλριστοτέλης
915 4793 940 4844 ἐν
954 4813 984 4864 τη
1001 4790 1151 4864 ἰλίίηναίων
1165 4795 1277 4866 πολιτείᾳ
1296 4793 1375 4848 ’δίκαι
1387 4797 1556 4871 λαγχάνονται

189 4880 250 4950 πρὸς
264 4882 307 4934 τὸν
327 4883 437 4951 ἄρχοντα
456 4881 530 4934 ἄλλαι
548 4901 576 4934 τε
594 4879 656 4946 (ἀλλ’
672 4882 697 4934 τί
712 4899 748 4938 τις
762 4882 828 4947 eod„
847 4898 912 4934 corr.
928 4883 1040 4949 Dobree)
1060 4884 1102 4935 ael
1122 4884 1157 4941 είς
1169 4883 1286 4954 δατητῶν
1300 4886 1400 4954 αίρεσιν,
1420 4884 1481 4939 όταν
1500 4889 1556 4952 (τις)

190 4969 225 5039 μή
240 4969 302 5040 θέλη
322 4971 394 5023 κοινὰ
411 4971 444 5023 τὰ
463 4969 523 5023 ὄντα
540 4967 664 5039 νίμισόαι.
685 4997 717 5008 -
731 4970 817 5038 Etym.
830 4971 940 5039 genuin.
959 4971 1056 5037 (exscr.
1071 4972 1289 5038 Er.l1.249,42>:
1308 4973 1426 5044 δατηταί·
1446 4975 1555 5046 δατητής
