3510 5610
23 336 39 389 1

90 592 146 783 λ

210 330 431 386 VERBORUM

263 510 363 575 εοίίνρὶο
383 510 497 558 interesse
517 508 574 564 τους
594 505 774 575 ἑλληνοταμίας
797 506 821 559 οἳ
839 504 869 558 άν

263 597 429 667 διαχειρίζωσε
447 598 479 648 τά
498 596 615 667 χρήματα
635 597 671 665 μή
691 594 869 664 συμβουλεθειν

261 685 339 745 3433
371 686 438 737 med.
452 685 590 735 deliberare
603 685 678 752 (μετὰ
697 687 742 754 τῆς
764 682 868 752 βουλῆς)

262 772 340 836 3530

210 858 385 929 σθμβουλος
405 860 483 925 wa

209 956 452 1020 συμμαρτυρεῖν.
507 947 694 1019 συμμαρτυροίη
732 947 809 1000 ταῦτ’
839 947 869 999 ἄν

263 1040 287 1090 ἐν
307 1038 363 1107 δίκη
384 1038 475 1109 χρόνου
495 1037 579 1106 μήτηρ
598 1038 701 1106 μεγίστη
721 1038 781 1089 Solo
796 1037 856 1097 13‚5

214 1128 428 1197 ,υμμάχεσθαι
453 1126 511 1195 (τήν
539 1125 579 1177 ἐπὶ
608 1122 744 1194 Παλληνίδι
772 1126 868 1196 μάχην)

262 1215 339 1277 3030

210 1301 368 1372 συμμαχία
382 1306 443 1366 (τῶν
454 1302 673 1370 Λακεδαιμονίων)
687 1302 765 1364 2733
794 1301 868 1370 (πρὸς

262 1389 372 1458 βασιλέα)
383 1391 461 1453 3230
487 1389 552 1458 plur.
565 1393 644 1457 (coni.
655 1390 789 1462 προξενίαι,
799 1389 868 1442 πολι-

244 1498 269 1529 τε
287 1481 334 1545 ῖαι)
355 1478 414 1539 603

209 1566 414 1636 συμμαχικός.
446 1566 475 1618 εδ
488 1567 649 1636 συμμαχικόν
662 1568 779 1616 sociorum
793 1585 866 1616 aera-

261 1656 321 1703 rium
340 1656 397 1718 413

209 1742 371 1812 σθμμαχος
391 1744 458 1809 plur.
473 1744 541 1807 2833.
556 1744 586 1795 12>

209 1831 371 1898 σθμμειξες
389 1832 468 1898 (voni.
483 1835 572 1900 γάμος)
591 1833 650 1892 434

208 1919 374 1990 συμμορία.
412 1921 550 1991 στρατηγὸς
575 1920 588 1972 ὁ
608 1920 648 1973 ἐπί
666 1922 711 1978 τάς
729 1922 867 1991 συμμορίας

260 2008 338 2074 7132

208 2096 338 2163 συμπας.
369 2098 401 2148 τὰ
414 2095 545 2164 σἐμπαντα
560 2099 603 2150 σὺν
617 2097 652 2154 οἷς
671 2097 684 2151 θ
698 2099 780 2168 πατήρ
793 2097 866 2169 ἦρξεν

260 2184 314 2242 ἑνὸς
333 2183 370 2237 δεῖ
388 2186 546 2255 πεντήκοντα
567 2185 635 2254 (ἔτη)
655 2186 715 2250 ’233

207 2271 393 2339 συμπείθειν
422 2274 476 2338 (τὸν
504 2275 672 2342 κεκτημένον)
700 2273 766 2337 413
812 2271 867 2339 (τὸν

260 2361 340 2429 δῆμον
360 2362 443 2429 ἑαυτῷ
462 2360 558 2425 δουναι)
576 2361 650 2426 1538
687 2362 743 2414 abs.
757 2377 779 2413 c.
792 2361 866 2414 infin.

260 2448 370 2502 ἐλαθνειν
389 2449 418 2502 τὸ
439 2450 497 2518 άγος
511 2450 588 2511 2334
619 2465 689 2516 pass.
703 2448 866 2516 ουμπεισθέν-

259 2557 312 2590 των
330 2545 382 2591 τῶν
401 2536 503 2590 πολλῶν
522 2537 600 2599 3233

207 2626 394 2694 συμπίπτειν
413 2629 440 2689 (ἰ.
454 2643 479 2693 q.
494 2625 649 2695 συμβαίνειν)
663 2622 722 2696 ὅπερ
741 2625 865 2677 κα1συνί-

258 2730 332 2766 πεσεν
344 2714 405 2779 423
440 2731 462 2766 e.
476 2730 529 2767 acc.
545 2731 566 2766 c.
581 2714 627 2766 ius.
641 2715 774 2766 συνέπεσεν
793 2711 865 2774 ὐπεξ-

258 2801 339 2860 ιίντας
367 2802 462 2853 άλῶναι
494 2805 552 2860 τοὺς
580 2808 635 2879 τῶν
658 2800 865 2872 Πεισιστρατιδῶν

257 2890 317 2947 υἱεῖς
336 2889 395 2953 233
414 2891 446 2942 σί.
460 2890 539 2954 2433
559 2891 636 2955 29,Ιό

205 2976 418 3046 συμπολεμεῖν
442 2980 517 3045 (μετὰ
541 2985 594 3031 τῶν
617 2979 763 3048 τριάκοντα)
782 2977 865 3042 4138

257 3065 297 3118 διά
321 3065 349 3118 τὸ
373 3066 480 3133 νομίζειν
500 3065 602 3134 βασιλέα
626 3067 722 3122 ἐαυτοῖς
741 3064 864 3134 συμπολε·

257 3154 344 3223 μήσεεν
364 3154 442 3220 2334

204 3240 422 3311 συμπρίασθαι
443 3260 465 3295 ν.
479 3239 643 3296 συνωνεῖσθαι

203 3329 499 3399 συμπροθυμεῖσθαι
518 3330 612 3400 (αὐτῷ)
636 3330 710 3394 1735

203 3417 371 3487 συμφέρειν
391 3414 419 3491 (ᾗ
439 3418 469 3469 ἂν
489 3419 602 3488 ήγῶνται
621 3417 654 3483 σ.)
673 3417 733 3478 35,4

203 3509 353 3576 συμφορά.
390 3507 453 3574 μετά
470 3506 566 3576 ταθτην
584 3507 630 3576 τἠν
649 3506 778 3576 συμφοράν
797 3504 862 3569 223

255 3597 318 3664 μετὰ
341 3596 388 3665 τἠν
411 3594 437 3646 έν
457 3590 558 3664 Σικελίᾳ
576 3594 713 3663 γενομένην
731 3595 861 3664 συμφοράν

255 3684 337 3748 3339
374 3682 494 3758 χαλεπῶς
516 3682 659 3749 ἐνεγκόντες
682 3682 721 3734 έπ1
744 3687 776 3754 τῇ
801 3697 861 3747 συμ-

254 3774 321 3844 φορᾷ
347 3772 455 3840 μάλιστα
478 3775 531 3822 τῶν
549 3771 772 3841 προγεγενημένων
797 3768 860 3833 36,7

1266 334 1435 410 συνοικίζειν
1523 335 1582 403 147

923 505 1141 576 συναθροίζειν
1156 524 1224 577 pass.
1237 508 1457 581 συναθροισθέντες
1466 514 1511 564 τοῦ
1521 509 1585 580 πλή·

975 593 1036 653 θους
1055 595 1133 661 2339
1171 596 1227 666 (της
1248 597 1353 667 βουλῆς)
1375 598 1433 662 ’203
1472 599 1520 665 (είς
1538 599 1584 669 τήν

974 683 1081 754 άγοράν)
1101 683 1179 743 3934

923 772 1090 829 συναίτιος.
1140 773 1266 826 συναιτίου
1300 775 1434 845 γενομένου
1464 772 1582 843 Θεμιστο-

976 858 1065 917 κλέους
1084 859 1159 919 3831

922 950 1083 1018 συνάμφω.
1124 948 1276 1001 πεντακόσια
1299 951 1378 1020 μέτρα
1402 953 1432 1003 τά
1459 954 1582 1022 συνάμφω

975 1034 1038 1105 ξηρά
1057 1038 1099 1088 καλ
1119 1035 1180 1106 ὐγρά
1199 1036 1242 1101 8‚8
1261 1038 1294 1089 σί.
1308 1038 1350 1101 9‚3

922 1125 1173 1192 συναναγκάζειν
1194 1126 1353 1192 ρα38.4131

923 1213 1123 1282 συναρέσκειν
1147 1213 1212 1264 med.
1232 1213 1295 1279 (τοῖς
1318 1215 1367 1266 υπὸ
1391 1220 1445 1266 τῶν
1463 1233 1582 1285 τετρακο·

974 1302 1035 1352 σίων
1055 1300 1218 1370 γιγνομένοις)
1239 1301 1314 1359 3031

922 1390 1128 1459 συναρμόζεεν
1142 1388 1209 1456 (βίαν
1228 1408 1256 1441 τε
1269 1392 1312 1442 καὶ
1326 1389 1409 1461 δίκην)
1426 1390 1489 1444 Solo
1506 1391 1580 1459 13,ίῖ

922 1478 1127 1547 συναρπάζειν
1146 1477 1222 1528 αὑτὸν
1242 1477 1258 1545 ή
1278 1477 1358 1547 βουλή
1377 1477 1462 1547 μέλλει
1481 1479 1538 1545 393

922 1563 1113 1617 συνδιοικεῖν
1132 1568 1197 1629 (ταῖς
1209 1564 1294 1622 ἄλλαις
1313 1566 1402 1639 άρχαῐς
1420 1568 1451 1619 τά
1465 1566 1580 1632 πλεῖστα)

974 1652 1054 1716 4939
1074 1653 1134 1718 543

920 1738 1097 1801 συνεθίζειν
1120 1757 1192 1808 pass.
1209 1741 1245 1804 (έν
1264 1749 1318 1799 ταῖς
1336 1743 1473 1815 στρατείαις
1492 1744 1580 1814 μισθο·

973 1831 1067 1899 φορεῖν)
1086 1827 1147 1894 303

924 1917 1108 1970 συνειδέναι.
1144 1918 1203 1975 τοὺς
1222 1916 1364 1975 συνειδότας
1381 1919 1488 1988 ἐμήνυεν
1502 1919 1580 1982 2133

921 2009 1117 2075 συνεισάγειν
1137 2006 1255 2076 (γυναῖκα
1274 2001 1332 2074 μετ’
1347 2005 1435 2074 αὐτοῦ)
1460 2006 1533 2069 17,1.”)

920 2093 1082 2147 συνελθεῖν
1104 2112 1126 2147 ν.
1140 2092 1303 2166 συνέρχεσθαι

920 2182 1206 2255 συνεξαμαρτάνειν
1226 2183 1263 2247 (ἐν
1282 2190 1336 2241 ταῖς
1353 2185 1486 2256 ταραχαῖς)
1502 2184 1581 2251 3630

920 2270 1119 2331 συνεξελθεῖν
1139 2288 1162 2324 ν.
1177 2268 1369 2342 συνεξέρχεσθαι

920 2357 1175 2428 συνεξέρχεσθαι.
1203 2359 1238 2415 είς
1251 2358 1264 2410 δ
1278 2358 1430 2429 συνεξηλθάν
1442 2379 1507 2419 τινες
1519 2361 1580 2427 223

920 2446 1194 2515 συνεπιμελεῖσθαι
1208 2449 1264 2515 (τῆς
1277 2447 1402 2516 ποιήσεως
1415 2453 1468 2499 τῶν
1478 2445 1579 2516 Νεκῶν)

972 2535 1051 2599 0330

920 2621 1125 2695 συνέρχεσθαι
1144 2622 1188 2688 (είς
1207 2622 1254 2692 τήν
1272 2621 1383 2692 ἡλιαίαν)
1397 2624 1457 2688 803
1489 2624 1578 2696 συνήλ-

972 2712 1018 2764 θον
1037 2712 1072 2770 είς
1090 2711 1119 2763 τὸ
1138 2710 1314 2779 θεσμοθετεῖον
1333 2710 1374 2775 53

919 2801 1042 2858 σθνεσις
1060 2800 1139 2868 (coni.
1154 2800 1255 2869 γνώμη)
1275 2798 1353 2863 3530

919 2890 1058 2961 συνεχής.
1096 2888 1235 2960 διεδέχοντο
1259 2894 1370 2959 συνεχῶς
1392 2888 1439 2958 τὴν
1458 2888 1577 2961 δημαγω·

971 2979 1026 3046 γίαν
1045 2977 1104 3043 333

917 3067 1088 3136 συνήγορος
1108 3064 1175 3132 plur.
1188 3067 1251 3128 (τῶν
1269 3061 1403 3132 λογιστῶν)
1423 3065 1502 3128 5938

917 3154 1070 3223 συνθήκη.
1101 3152 1261 3205 κελευουσῶν
1274 3159 1327 3204 τῶν
1341 3151 1477 3225 συνθηκῶν
1490 3153 1576 3205 ἑκατέ-

970 3260 1028 3311 ρους
1056 3240 1199 3294 άποδεδάναι
1227 3239 1306 3310 χωρίς
1333 3240 1397 3306 423
1439 3242 1505 3293 κατὰ
1532 3243 1578 3299 τὰς

969 3328 1096 3399 συνθήκας
1119 3328 1193 3381 τάσδε
1221 3328 1304 3391 4033
1345 3326 1474 3400 συνθήκας
1497 3330 1576 3383 συντί-

968 3417 1057 3471 θεσθαι
1075 3415 1138 3486 πρὸς
1156 3415 1198 3473 οθς
1217 3415 1246 3468 δν
1266 3415 1385 3469 ἐθέλωσιν
1403 3416 1483 3485 3334

915 3509 1093 3560 συνεστάναι
1113 3505 1179 3557 med.
1196 3522 1293 3573 parare
1313 3504 1366 3571 (τὸν
1386 3505 1508 3575 πόλεμον)
1529 3506 1571 3573 28,

968 3595 997 3647 17
1045 3595 1106 3646 inlr.
1129 3595 1257 3644 coniurare
1287 3592 1338 3659 (ίπλ
1365 3593 1501 3647 κστσλθσει
1528 3600 1576 3648 τοῦ

967 3682 1061 3752 δήμου)
1090 3680 1154 3748 10,8
1195 3676 1268 3748 (μεθ’
1287 3681 1417 3752 ὁποτέρων
1445 3681 1575 3753 έβοθλετο)

971 3770 1047 3834 1138
1078 3770 1128 3833 (ἐπὶ
1146 3767 1282 3822 καταλίεσσε
1299 3774 1346 3838 τῆς
1364 3768 1499 3838 πολιτείας)
1513 3770 1574 3835 293

254 3859 322 3927 ρίιιι.
335 3859 456 3913 κάλλιστα
473 3858 616 3931 χρήσασθαι
638 3865 691 3915 ταῖς
708 3874 856 3926 προγεγενη-
909 3865 1143 3930 αυνναομαχεῖν
1162 3855 1242 3921 3630

253 3946 338 4015 μένοις
356 3951 494 4018 συμφοραῖς
513 3946 572 4008 423

200 4041 387 4102 συμφωνεῖν.
425 4037 589 4105 συμφωνοῦσι
606 4035 696 4090 πάντας
718 4032 772 4097 123

909 3947 1072 4014 συννὲμειν
1098 3944 1204 4011 (πάντας
1226 3945 1261 4004 είς
1284 3945 1346 3998 δέκα
1374 3944 1465 4016 φυλάς)
1491 3946 1571 4013 2431

964 4051 1035 4103 ροσε.
1050 4036 1112 4086 item
1132 4032 1214 4099 4·2‚·22

200 4123 255 4174 συν
267 4122 425 4193 ἡγεμόνεσσιν
446 4123 530 4175 έποιτο
545 4121 607 4175 Solo
624 4120 699 4186 12,10
729 4121 773 4172 σὺν
793 4116 857 4170 θεοῖ·
909 4121 1040 4179 συνοδος
1059 4120 1185 4172 concilium
1204 4126 1266 4186 (τῶν
1286 4120 1443 4190 βουλευτῶν)
1464 4122 1525 4188 534

253 4226 289 4263 σιν
303 4211 338 4263 id.
352 4210 428 4275 1230
442 4239 473 4247 -
485 4210 566 4263 Arist.
581 4208 761 4262 tantummodo
775 4209 860 4260 utitur
912 4217 1070 4262 συνοικεῖν
1092 4210 1163 4259 simul
1185 4209 1296 4261 λαθῖεανε
1315 4208 1475 4264 Ἐλευσινίων
1494 4227 1575 4265 συνοι·

252 4299 281 4351 in
303 4299 426 4363 calculis,
453 4310 482 4352 υε
505 4298 557 4351 fert
581 4314 665 4351 sermo
689 4298 800 4350 atticus:
828 4299 861 4347 τὰ

252 4386 385 4454 σίεμπαντα
405 4388 448 4439 σὺν
467 4385 503 4444 οἶς
522 4384 535 4438 θ
555 4385 639 4455 πατὴρ
658 4383 731 4454 ήρξεν
750 4382 805 4441 ἑνδς
823 4382 862 4435 δεῖ

251 4475 408 4545 πεντήκοντα
426 4474 487 4540 333
524 4475 658 4543 ceteroqui
678 4473 742 4539 μετά
760 4487 785 4540 q.
799 4486 822 4523 v,

202 4563 343 4632 συνάγειν
356 4563 488 4614 conciliare
501 4566 552 4615 τῶν
563 4572 609 4630 μέν
620 4559 713 4614 οὕνεκα
723 4560 861 4631 ξυνήγαγον

251 4649 332 4719 δῆμον
345 4650 407 4704 Solo
423 4649 482 4717 13,3
512 4667 646 4702 convocare
661 4648 715 4715 (καί
734 4648 781 4718 τήν
800 4648 858 4718 βου·

250 4736 298 4808 λην
317 4737 421 4791 καὶτὸν
440 4737 532 4807 δῆμον)
553 4737 613 4803 46,4
625 4736 686 4803 48,5
723 4737 770 4802 (είς
789 4735 859 4789 δικα-

253 4825 364 4896 στήριον)
387 4825 464 4889 7537

197 4911 469 4983 συναγωνίζεσθαι
486 4913 556 4979 40,5.
569 4916 596 4967 11

965 4305 1019 4351 κεῖν
1048 4297 1090 4355 οθς
1120 4295 1150 4348 ἂν
1177 4294 1247 4349 οὗτοι
1271 4297 1414 4367 βοθλωνταε
1436 4299 1500 4362 41,4
1542 4300 1574 4353 de

966 4386 1068 4440 colonis
1082 4382 1174 4442 Ἴωνος
1192 4386 1235 4436 καὶ
1253 4392 1306 4437 τῶν
1324 4383 1381 4455 μετ’
1397 4384 1474 4438 αὑτοῦ
1492 4401 1573 4440 συνοι·

966 4475 1101 4545 κησάντων
1120 4472 1201 4535 4231
1222 4473 1254 4525 εί.
1267 4473 1298 4525 fr.
1315 4474 1325 4524 1
1348 4489 1373 4541 p.
1386 4472 1485 4539 83,4.9
1506 4474 1575 4541 Ερίί.

967 4562 1028 4615 Her.
1048 4579 1074 4631 p.
1088 4561 1167 4626 87,1·2
1181 4589 1212 4600 -
1226 4561 1337 4611 maritum
1356 4579 1407 4612 εεεα
1420 4560 1495 4614 αὗται
1513 4562 1574 4615 είσίν

967 4651 1034 4702 κατὰ
1064 4655 1116 4701 τῶν
1144 4647 1287 4718 ἐπιτρέπων
1317 4649 1361 4701 καὶ
1389 4648 1575 4702 συνοικοθντων

967 4735 1015 4804 (sc.
1028 4746 1083 4796 ταῖς
1101 4735 1258 4807 έπεκλήροις)
1278 4737 1337 4801 613

914 4826 1105 4886 συνοικίζειν
1143 4824 1209 4897 (περί
1243 4823 1287 4876 τὸν
1321 4821 1446 4897 Θερμαῖον
1481 4825 1575 4880 κάλπον

970 4914 1076 4984 χωρίον)
1098 4913 1173 4979 1733

1321 4996 1372 5053 10*
