3510 5610
217 339 265 374 rm
785 318 981 373 PRAEFATIO

304 492 447 576 Paginae
469 493 551 578 (sius
574 490 755 577 columnae)
780 491 894 558 litteris
909 491 1089 575 completae
1104 495 1273 555 servantur
1288 489 1445 572 XXXIX,
1469 488 1583 553 ultima

217 612 410 696 semiplena;
431 611 604 677 intervalla
625 631 738 694 vacua,
762 610 909 675 binarum
928 608 997 675 scre
1016 607 1272 690 centesimarum,
1296 616 1457 674 extremus
1472 615 1582 674 tamen

218 749 327 813 margo
350 730 473 813 dexter,
497 730 550 794 ubi
573 729 722 795 librarius
746 729 895 812 substitit,
917 728 1015 811 duplo
1039 727 1150 792 maior.
1200 747 1350 792 versuum
1373 747 1524 793 numerus
1548 727 1580 792 in

218 848 353 930 singulis
376 849 503 933 paginis
525 869 546 914 a
569 849 785 932 quadragenis
808 847 972 930 quaternis
999 845 1116 911 sensim
1144 851 1257 910 auctus
1280 852 1329 910 est
1350 845 1444 911 finem
1468 866 1582 912 versus

219 987 321 1049 usque
357 967 400 1032 ad
438 968 715 1050 undesexagenos.
775 987 899 1032 summa
936 986 1100 1047 versuum,
1138 964 1330 1048 computatis
1366 965 1463 1031 etiam
1502 986 1582 1048 quos

218 1085 365 1170 supplevi
388 1086 545 1170 versibus,
568 1087 625 1152 scd
650 1086 786 1169 omissis,
814 1086 841 1150 si
865 1085 917 1168 qui
941 1084 1025 1150 iuter
1047 1104 1158 1150 versus
1181 1090 1236 1148 aut
1258 1090 1351 1149 extra
1373 1083 1474 1148 additi
1497 1092 1581 1169 sunt,

218 1210 268 1269 est
283 1203 505 1290 innocuum
521 1207 635 1289 quibus
651 1206 677 1271 si
693 1206 796 1271 addas
811 1205 995 1287 fragmenta
1010 1204 1163 1285 posticae,
1175 1202 1253 1267 fiunt
1269 1201 1581 1270 Muucccxxvss.

220 1324 305 1389 unde
317 1330 454 1407 apparet
469 1331 622 1406 quantum
639 1325 795 1407 reliquum
811 1325 852 1388 sit
863 1344 883 1388 a
895 1323 970 1387 iusti
981 1319 1153 1387 voluminis
1167 1319 1378 1402 ambitu,cum
1395 1323 1582 1406 praesertim

217 1442 279 1525 ipsi
302 1462 415 1507 versus
438 1444 571 1527 legitimi
599 1443 691 1508 stichi
720 1463 870 1508 mensura
893 1443 967 1525 (XV
987 1437 1198 1525 syllabarum)
1222 1438 1286 1502 siut
1312 1438 1462 1506 minores.
1505 1462 1581 1507 uam

218 1559 299 1624 XIII
325 1558 394 1625 fere
423 1561 620 1645 syllabarum
655 1561 693 1646 (i.
717 1582 744 1625 e.
769 1562 865 1625 XXX
892 1560 960 1627 fere
987 1554 1183 1641 litterarum)
1217 1556 1346 1620 modulo
1369 1559 1580 1625 continentur.

217 1679 342 1744 initium
363 1679 535 1744 voluminis
557 1702 622 1745 nou
645 1687 801 1746 servatur.
839 1698 944 1761 neque
967 1686 1075 1743 tamen
1100 1696 1141 1742 ea
1159 1677 1284 1741 iactura
1304 1677 1376 1758 plus
1399 1696 1494 1759 quam
1518 1698 1582 1743 uua

218 1799 272 1864 rcl
305 1799 390 1864 duae
425 1797 564 1882 paginae
597 1798 775 1881 perierunt,
811 1804 965 1880 quantum
995 1818 1035 1862 ex
1063 1795 1222 1861 Prooemii
1256 1795 1437 1878 superstitis
1466 1803 1582 1862 natura

220 1917 393 1984 coniectari
418 1923 533 2000 potest.
579 1916 673 2000 periit
695 1917 792 1999 igitur
815 1915 911 1981 etiam
939 1916 1050 1981 titulus
1077 1914 1149 1979 libri
1176 1934 1247 1980 cum
1274 1913 1415 1978 auctoris
1443 1917 1582 1983 nomine.

222 2036 309 2120 quod
337 2037 363 2101 si
395 2035 465 2119 quis
491 2035 525 2099 in
552 2035 761 2119 inscriptione
784 2036 827 2099 IV
847 2035 885 2099 18
899 2084 905 2097 .
920 2036 960 2099 19
982 2035 1127 2098 invenire
1149 2033 1301 2116 voluerit,
1332 2055 1396 2099 non
1419 2035 1584 2119 invideb03

221 2176 282 2238 ego
305 2156 381 2238 quid
404 2153 552 2237 seutiam,
574 2153 659 2219 iufra
682 2175 711 2238 p.
728 2154 838 2219 XVIII
860 2153 1014 2235 aperiam.

81 2347 208 2394 sagmen·
313 2322 446 2386 Praeter
468 2322 590 2385 maiora
614 2321 805 2403 fragmenta,
828 2339 911 2403 quae
934 2320 1008 2383 olim
1031 2319 1154 2386 incerta
1176 2322 1254 2387 sede
1268 2322 1476 2408 fluctuabant,
1500 2345 1584 2389 nuno

219 2450 330 2508 autem
348 2440 456 2507 omnia
479 2440 562 2504 a'l'n
586 2439 767 2523 partimque
790 2459 810 2502 a
825 2459 876 2504 mc
892 2439 923 2502 iu
941 2446 1060 2504 rectum
1079 2441 1222 2506 ordinem
1239 2442 1386 2507 restituta
1402 2451 1484 2528 suut,
1508 2466 1584 2508 nou-

219 2562 309 2625 nulla
324 2561 461 2625 frustula
477 2579 563 2640 vaga
578 2564 757 2640 servantur,
781 2576 865 2639 quae
888 2558 1018 2623 editioni
1042 2560 1173 2624 adiunxi
1197 2580 1331 2642 sperans
1352 2559 1421 2627 sore
1445 2570 1479 2626 ut
1503 2563 1583 2628 haec

220 2699 347 2761 quoque
369 2679 452 2744 forte
474 2678 604 2743 fortuna
618 2677 794 2761 aliquando
811 2675 936 2760 corpori
959 2677 1143 2742 reddantur.
1184 2678 1234 2743 lris
1249 2679 1379 2743 minutis
1394 2681 1582 2763 fragmentis

220 2797 413 2883 (III-XII)
439 2798 503 2863 duo
534 2797 665 2881 praefixi
694 2795 791 2879 paulo
819 2796 991 2879 ampliora,
1026 2816 1109 2878 quae
1136 2816 1232 2861 manu
1260 2797 1380 2861 librarii
1404 2799 1436 2864 in
1459 2802 1584 2884 postica

220 2916 333 2981 addita
355 2924 437 2981 suut.
472 2938 546 2982 nam
570 2923 605 2979 ut
627 2914 698 2996 ipse
721 2912 802 2977 liber·
824 2912 908 2977 iusto
932 2913 1044 2978 ordine
1067 2914 1087 2978 i.
1104 2934 1131 2978 e.
1147 2914 1180 2977 iu
1204 2916 1311 2980 antica
1334 2924 1425 2999 parte
1447 2920 1583 3003 scriptus

221 3042 280 3118 ost,
304 3034 358 3098 ubi
381 3035 554 3099 secuudum
578 3033 819 3098 U.W1uouuu11
843 3031 1004 3114 egregiam
1029 3032 1286 3099 observat-ionem
1311 3036 1461 3101 fibrarum
1485 3039 1583 3105 striae

221 3175 291 3219 cum
315 3171 464 3218 versuum
488 3153 580 3217 lincis
614 3151 752 3217 eandem
779 3150 996 3215 dorcet-ionem
1031 3159 1156 3234 teuent,
1189 3152 1234 3216 ita
1261 3152 1441 3234 t'rugmcuta
1467 3156 1524 3221 illa
1550 3158 1582 3223 in

222 3272 347 3357 ptrrstica
370 3269 476 3352 posita
498 3280 586 3352 suut,
621 3290 704 3353 quae
731 3269 819 3334 fibris
845 3270 1014 3334 contrariis
1040 3269 1135 3333 facile
1157 3271 1350 3351 agnoscitur.
1396 3295 1479 3356 cquae
1501 3278 1584 3359 frag·

222 3397 332 3456 menta
355 3410 426 3453 cum
451 3390 634 3472 pertincant
656 3388 725 3453 sine
740 3388 837 3452 dubio
853 3391 894 3453 ad
911 3409 983 3455 cam
1007 3387 1269 3471 disputationem,
1293 3393 1423 3473 quaein
1440 3403 1584 3460 extrema

223 3510 342 3593 pagina
365 3509 509 3573 XXXIX
533 3528 597 3572 non
622 3515 688 3569 tam
710 3507 868 3571 clauditur
891 3527 987 3589 quam
1009 3508 1220 3591 abrumpitur,
1248 3529 1384 3592 cumque
1408 3511 1585 3578 laborantis

224 3626 342 3691 librarii
383 3626 469 3691 haud
511 3627 646 3691 (obscura
684 3625 778 3708 sigua
815 3626 1007 3709 praebeant,
1046 3627 1186 3691 conieci¹
1224 3635 1397 3711 propterea
1435 3633 1585 3715 suppleta

223 3766 309 3826 esse,
338 3746 507 3827 quiscum
531 3745 683 3810 ulteriora
706 3745 737 3808 iu
762 3744 937 3828 exemplari
960 3744 1062 3826 tnagis
1086 3746 1252 3828 magisque
1275 3756 1425 3832 corrupto
1450 3750 1585 3831 legentis

225 3866 366 3930 laborum
390 3864 550 3943 fallerent,
578 3865 633 3928 illa
660 3865 732 3928 sola
753 3864 957 3945 aliquatenus
985 3865 1147 3928 enucleari
1176 3876 1317 3948 possent.
1363 3867 1461 3934 etiam
1488 3876 1586 3932 autea

224 3983 418 4067 excruplaris
442 3982 661 4046 condicionem
685 3983 856 4046 tristiorem
884 3980 983 4045 fuisse
1012 3983 1079 4047 reri
1107 3984 1211 4049 siurile
1244 3996 1307 4069 est,
1342 3995 1377 4050 ut
1411 3985 1584 4051 oblitterati

225 4103 334 4184 apices
358 4101 458 4166 oeulis
481 4101 601 4165 librarii
625 4101 678 4165 vix
702 4121 740 4165 ao
762 4121 803 4164 ne
825 4100 880 4165 vix
907 4101 1037 4182 quidem
1065 4103 1296 4187 exciperentur.
1342 4125 1405 4186 qua
1432 4124 1466 4168 rc
1494 4124 1587 4168 encu-

225 4228 314 4284 satur
335 4221 443 4303 aliquo
469 4222 563 4286 modo
588 4220 672 4283 illius
695 4218 890 4283 incredibilis
913 4219 1134 4304 neglegentia,
1166 4242 1249 4304 quac
1272 4243 1500 4306 usquequaque
1523 4245 1588 4290 cer-

225 4339 320 4403 uitur.
366 4347 413 4402 tot
435 4341 660 4422 supplementa
683 4346 756 4402 suut
778 4336 861 4401 inter
883 4358 996 4402 versus
1020 4348 1051 4405 et
1073 4339 1106 4404 iu
1129 4341 1287 4424 urargiue,
1315 4347 1363 4404 tot
1385 4342 1517 4427 liturae,
1540 4350 1587 4407 tot

225 4456 333 4521 hiatus
356 4457 526 4522 verborum
550 4465 582 4521 et
604 4456 846 4521 sententiarum.
892 4458 948 4522 sed
973 4459 1014 4523 de
1037 4457 1087 4522 his
1111 4466 1225 4542 postea
1247 4460 1436 4525 accuratius.

246 4666 306 4672 —-—
319 4666 373 4672 —
396 4666 438 4673 --
448 4665 626 4673 —-—--——-

299 4806 306 4836 ¹
330 4793 395 4854 l'T'tor
422 4805 472 4854 dis
488 4804 607 4874 Errorque
635 4825 680 4857 ren
713 4805 815 4854 Menona
841 4804 936 4855 lucrida
966 4809 990 4855 iu
1014 4780 1070 4856 ¹dour
1102 4806 1230 4859 Laudatur
1254 4810 1368 4876 Pappoua·
1389 4811 1438 4860 137
1466 4810 1587 4872 (Hercule

227 4891 276 4942 rol.
291 4891 419 4954 XXVIII)
439 4908 463 4959 p.
477 4893 537 4943 410.
