3510 5610
750 315 904 374 ΕΡΙΤΟΜΔ
922 315 1132 374 noooomols

394 491 424 555 3.
458 489 559 555 Σόλων
586 494 753 576 νομοθετῶν
777 491 954 579 Ἀθηναίοις
982 494 1029 558 καλ
1056 497 1153 578 χρεῶν
1177 490 1328 559 ἀποκοπὰς
1351 489 1482 575 ἐποίησε.
1517 489 1570 574 τὴν

308 594 498 678 σεισάχθειαν
520 599 715 683 καλουμένην.

394 700 434 766 ὡς
456 696 479 761 δ’
499 698 647 786 ἐνώχλουν
670 701 751 784 αὐτῷ
768 723 840 769 τινες
856 702 921 785 περὶ
938 707 994 764 τῶν
1010 699 1118 781 νόμων,
1142 700 1332 782 ἀπεδήμησεν
1354 699 1397 769 εἰς
1414 696 1570 781 Αἴγυπτον.

391 800 422 864 4.
458 801 661 887 Πεισίστρατος
684 805 835 888 τριάκοντα
857 806 906 867 καὶ
928 804 991 888 τρία
1014 801 1065 883 ἔτη
1088 801 1266 886 τυραννήσας
1281 803 1410 886 γηράσας
1427 800 1570 864 ἀπέθανε.

272 920 286 969 ⁵
387 899 552 991 Ἵππαρχος
575 908 590 970 ὁ
616 908 678 975 υίδς
703 905 909 990 Πεισιστράτου
933 909 1094 990 παιδιώδης
1122 905 1157 991 ἦν
1185 908 1233 970 καὶ
1255 906 1394 989 ἐρωτικὸς
1418 905 1465 968 καὶ
1488 902 1570 987 φιλά-

307 1027 425 1088 μουσος,
451 1008 600 1078 Θεσσαλὸς
624 1012 656 1074 δὲ
678 1013 819 1094 νεώτερος
842 1012 889 1074 καὶ
913 1011 1033 1094 θρασύς.

389 1115 490 1175 τοῦτον
512 1118 703 1198 τυραννοῦντα
733 1115 775 1198 μὴ
803 1112 975 1197 δυνηθέντες
1002 1113 1113 1176 ἀνελεῖν
1130 1106 1296 1197 Ἵππαρχον
1323 1110 1494 1176 ἀπέκτειναν
1517 1111 1566 1174 τδν

304 1212 430 1299 ἀδελφὸν
453 1215 552 1280 αὐτοῦ.

385 1315 502 1388 Ἱππίας
525 1321 557 1382 δὲ
581 1320 741 1403 πικρότατα
763 1319 918 1403 ἐτυράννει.

256 1438 286 1485 10
390 1422 437 1483 καὶ
460 1423 509 1484 τὸν
532 1426 596 1506 περὶ
620 1424 818 1506 δστρακισμοῦ
833 1423 921 1505 νόμον
938 1423 1124 1507 εἰσηγήσατο,
1149 1422 1180 1491 ὃς
1203 1421 1292 1506 ἐτέθη
1315 1421 1363 1485 διὰ
1379 1421 1445 1492 τοὺς
1467 1445 1569 1507 τυραν·

303 1527 432 1591 νιῶντας.
478 1528 526 1589 καλ
550 1526 633 1589 ἄλλοι
656 1551 687 1588 τε
710 1528 955 1611 ὠστρακίσθησαν
979 1526 1027 1589 καὶ
1050 1525 1222 1594 Ξάνθιππος
1244 1527 1291 1588 καὶ
1313 1525 1511 1610 Ἀριστείδης.

388 1629 407 1691 5
433 1626 490 1712 [7].
526 1629 726 1714 Θεμιστοκλῆς
749 1632 796 1693 καὶ
818 1629 1014 1714 Ἀριστείδης·

390 1732 438 1794 καὶ
461 1733 480 1814 ή
505 1732 534 1801 ἐξ
553 1731 675 1818 Ἀρείου
699 1735 792 1816 πάγου
816 1734 906 1819 βουλή
930 1733 1024 1795 πολλὰ
1047 1731 1177 1797 ἐδύνατο.

389 1835 409 1898 6
434 1832 492 1918 [5].
523 1832 689 1919 Ἐφιάλτης
709 1862 728 1898 ιι
754 1862 773 1899 α
797 1863 826 1899 α.

252 1956 282 2003 ιο
387 1933 517 2020 (Κίμων)
544 1938 610 2007 τοὺς
638 1939 728 2006 ἰδίους
754 1939 861 2023 ἀγροὺς
887 1938 1040 2024 ὀπωρίζειν
1067 1944 1191 2025 παρεῖχε
1217 1943 1276 2009 τοῖς
1299 1937 1502 2024 βουλομένοις,
1535 1939 1569 2011 ἐξ

302 2040 344 2102 ὧν
367 2039 492 2109 πολλοῦς
515 2040 666 2114 ἐδείπνιζε.

388 2143 405 2206 7
433 2143 490 2226 [6].
524 2141 629 2207 Κλέων
653 2147 829 2230 παραλαβὼν
853 2147 1000 2232 διέφθειρε
1023 2147 1055 2211 τδ
1079 2147 1247 2230 πολίτευμα.

386 2247 434 2309 καὶ
458 2245 499 2309 ἔτι
522 2251 632 2329 μῦιλλον
655 2249 682 2310 οἱ
706 2246 763 2328 μετ’
785 2249 882 2330 αὐτόν,
906 2251 933 2313 οἳ
956 2251 1049 2313 πάντα
1072 2250 1192 2334 ἀνομίας
1208 2249 1369 2335 ἐνέπλησαν
1384 2250 1433 2313 καὶ
1449 2251 1565 2314 ἀνεῖλον

301 2348 356 2413 οῦκ
378 2349 519 2419 ἐλάσσους
541 2352 643 2435 χιλίων
665 2352 701 2438 ᾧ.

246 2472 280 2521 20
385 2454 495 2519 τούτων
523 2456 555 2518 δὲ
581 2457 802 2521 καταλυθέντων
826 2458 1031 2543 Θρασῦβουλος
1057 2460 1105 2522 καὶ
1125 2455 1237 2522 Ῥίνων
1264 2460 1501 2545 προειστήκεσαν,
1530 2457 1565 2528 ὃς

300 2556 336 2642 ἦν
359 2556 432 2641 ἀνὴρ
456 2559 543 2626 καλδς
566 2561 612 2623 καὶ
637 2560 757 2642 ἀγαθός.
781 2584 801 2623 ιι
823 2582 843 2622 κ
866 2582 886 2622 ιι
909 2584 929 2624 κ

385 2661 415 2725 8.
450 2663 498 2724 καὶ
520 2668 577 2724 τῶν
601 2664 678 2753 ὁδῷν
701 2663 903 2745 ἐπιμελοῦνται
931 2665 1012 2734 ὅπως
1040 2668 1080 2751 μή
1104 2690 1176 2735 τινες
1199 2668 1448 2749 κατοικοδομῶσιν
1471 2664 1564 2736 αὐτὰς

300 2765 319 2847 ἢ
345 2767 526 2849 δρυφάκτους
549 2765 760 2850 ὑπερτείνωσιν.

385 2869 494 2951 δμοίως
517 2870 549 2932 δὲ
572 2871 726 2935 καθιστᾶσι
749 2872 796 2935 καὶ
820 2871 885 2940 τοὺς
909 2873 1012 2936 ἕνδεκα
1034 2869 1125 2959 ήτοδς]
1156 2872 1421 2956 ἐπιμελησομένους
1447 2877 1505 2936 τῶν
1529 2873 1561 2938 ἐν

247 2991 280 3038 ‘25
301 2975 344 3056 τῷ
368 2973 571 3057 δεσμωτηρίῳ.

384 3076 440 3138 εἰσὶ
462 3077 494 3137 δὲ
518 3080 565 3139 καὶ
589 3077 671 3140 ἐννέα
694 3076 843 3162 ἄρχοντες.
886 3077 1065 3161 θεσμοθέται
1086 3078 1113 3158 ξ,
1137 3079 1163 3142 οἳ
1179 3080 1405 3162 δοκιμασθέντες
1420 3078 1562 3159 ὀμνύουσι

296 3178 415 3246 δικαίως
437 3176 531 3263 ἄρξειν
553 3182 602 3243 καὶ
625 3183 707 3264 δῶρα
731 3181 772 3263 μὴ
794 3180 941 3264 λήψεσθαι
964 3182 983 3265 ἢ
1007 3183 1160 3265 ἀνδριάντα
1183 3186 1311 3267 χρυσοῦν
1334 3183 1502 3267 ἀναθήσειν.

380 3283 396 3344 ὁ
419 3282 452 3344 δὲ
475 3282 610 3366 βασιλεὺς
633 3283 668 3346 τά
691 3284 765 3347 κατὰ
788 3284 838 3351 τὰς
862 3285 966 3352 θυσίας
993 3288 1105 3349 διοικεῖ.

380 3385 428 3448 καλ
451 3383 481 3470 <d
505 3385 703 3471 πολέμαρχος)
726 3387 762 3450 τὰ
785 3386 920 3469 πολέμια.

240 3660 256 3713 3
276 3654 296 3713 δ’
311 3657 439 3735 ἐνώχλουν
458 3663 528 3715 K·W
548 3665 590 3728 (ex
607 3664 707 3728 Arist),
726 3661 752 3714 δὲ
771 3661 896 3733 διώχλουν
915 3663 991 3716 codd.
1135 3664 1223 3717 1213
1243 3666 1270 3716 in
1290 3664 1366 3717 codd.
1386 3671 1448 3733 post
1465 3666 1483 3718 λ
1497 3666 1540 3734 21,
1560 3684 1612 3739 ego

240 3749 359 3803 ordinem
378 3750 548 3818 depravatum
569 3752 601 3803 ad
616 3750 768 3804 Aristotelis
788 3765 904 3803 normam
925 3753 1028 3805 restitui
1174 3752 1206 3803 14
1222 3748 1362 3822 Ἐφιάλτης
1380 3753 1439 3812 τοὺς
1456 3754 1534 3814 ἰδίους
1552 3755 1612 3810 κτλ.

240 3838 316 3890 oodd.
435 3839 467 3891 18
485 3839 579 3895 πάντας
599 3838 682 3901 codd,
700 3854 765 3890 corr,
784 3839 824 3891 ΒΙ.
943 3838 976 3891 θθ
995 3857 1095 3891 κατοικ.
1114 3839 1185 3892 K·W
1204 3842 1248 3903 (ex
1270 3841 1370 3906 Arist),
1389 3841 1470 3896 ἀνοικ.
1489 3845 1568 3897 codd.

236 3927 271 3979 24
289 3928 348 3984 τοὺς
368 3926 419 3979 dol.
439 3927 517 3988 K·W,
536 3926 685 3997 κληρωτοὺς
705 3927 743 3980 Bl.
763 3929 806 3994 (ox
822 3928 912 3994 Arist.)
1056 3927 1089 3980 26
1109 3930 1126 3988 ξ
1145 3926 1248 3994 θοιαοι,
1268 3931 1311 3982 καὶ
1329 3930 1406 3983 codd.
1426 3932 1542 3984 minores
1561 3934 1609 3996 (ob

238 4014 439 4068 similitudinem
459 4013 635 4083 compendii)z
656 4031 706 4067 om.
726 4016 786 4068 θοι.
