3510 5610
201 312 424 368 vttttttotttttt

253 489 326 543 locos
341 490 431 544 harum
446 490 632 559 particularum
657 490 695 541 tel
709 490 856 542 iunctarum

252 578 293 630 νοΙ
319 578 496 633 ἀίίιιιιτίαιυω
521 579 597 646 posui
621 578 670 630 sub
696 595 719 629 ν.
737 582 773 630 τέ.
815 579 858 630 καί

251 671 331 719 ταῦτα
344 667 503 735 explicative
517 666 595 730 8129
627 666 675 718 κάν
689 683 712 717 ν.
726 664 756 716 ἄν
775 673 800 718 et
814 668 856 718 έάν

286 755 331 807 καί
349 754 424 813 αδτδς
449 767 471 806 et
492 757 543 823 ι’μεε
563 752 627 818 626
646 755 681 816 (ν.
694 751 779 816 αδτός)
815 756 858 806 καί

251 842 310 894 adv.
332 844 376 896 καί
402 844 462 900 τοὺς
488 841 580 900 ἄλλους
610 841 671 905 112
716 840 784 910 έγχει
815 842 857 893 καὶ

251 926 354 1000 Κήδωνι
382 931 445 983 scol.
468 929 532 993 242
579 930 706 982 transitus
734 929 856 997 frequen·

250 1019 370 1071 tissimus
390 1018 415 1071 δέ
435 1020 478 1070 καί
497 1018 569 1070 velut
581 1020 751 1090 χειροτονοῦσι
769 1015 795 1068 δέ
814 1018 857 1068 καὶ

249 1105 340 1173 ταμίαν
353 1110 398 1175 της
413 1102 531 1174 Παράλου
544 1105 621 1163 1223
653 1105 689 1157 έτι
701 1103 727 1156 δέ
740 1105 784 1156 καί
799 1105 853 1166 112

250 1192 302 1260 ἅμα
321 1193 347 1245 δὲ
365 1194 409 1247 καί
430 1191 576 1258 1122132
597 1193 671 1255 1521
706 1191 732 1250 ὃς
751 1191 796 1243 καί
813 1192 856 1256 31,

251 1281 282 1333 18
319 1279 380 1353 ὅπερ
398 1284 441 1335 καί
454 1281 571 1334 συνέπεσε
584 1280 645 1343 425
675 1277 696 1349 qi
716 1280 759 1331 καί
778 1278 855 1347 δῆλον

253 1369 309 1435 152
346 1368 383 1422 διδ
407 1371 450 1422 καί
473 1369 534 1431 420
557 1369 598 1432 52
618 1368 677 1430 626
697 1367 756 1433 929
779 1367 854 1431 1822

251 1455 334 1521 1920.
349 1458 388 1508 11.
399 1457 431 1510 29
456 1457 515 1523 242
541 1456 627 1521 2129.
639 1455 672 1509 23
696 1456 774 1520 30,18
793 1457 853 1519 512

248 1541 306 1596 ὅθεν
329 1546 372 1596 καὶ
396 1543 459 1610 202
478 1544 539 1609 252
580 1541 670 1614 ἀρόὗ
693 1545 736 1596 καὶ
762 1545 853 1613 συνέβη

250 1632 328 1698 2028
365 1634 409 1685 καί
428 1633 547 1703 πρότερον
561 1632 601 1698 82
626 1633 683 1698 102
703 1631 781 1691 2922
818 1631 854 1683 έτι

248 1721 291 1772 καί
303 1723 346 1772 νῦν
361 1719 419 1783 424
439 1720 482 1783 52
502 1721 560 1782 121
580 1719 631 1785 92.
645 1721 674 1771 ll
696 1719 773 1783 2524
793 1718 853 1782 262

247 1807 276 1860 οὐ
296 1808 374 1876 μόνον
388 1847 394 1860 .
408 1846 414 1858 .
430 1847 435 1857 .
450 1805 513 1859 ἀλλὰ
540 1807 583 1859 καί
602 1807 643 1870 32,
652 1807 684 1859 10
703 1807 768 1869 422
805 1806 853 1878 οὺχ

248 1896 299 1948 οίον
319 1893 448 1947 ά...1.λά
471 1896 514 1947 καί
535 1894 619 1958 4223
661 1893 691 1946 05
715 1894 766 1965 μὴν
789 1893 853 1946 ἀλλά

247 1984 291 2035 καὶ
310 1983 350 2036 ἐπὶ
369 1990 421 2040 τοῖς
438 1982 523 2041 ἄλλοις
541 1984 581 2047 42

193 2070 313 2124 καίνειν
327 2069 368 2136 (1).
400 2071 573 2141 πρεσβυτάτην
591 2071 686 2140 ἐσορῶν
704 2077 775 2139 γαῖαν
787 2067 850 2123 ’1αο-

244 2160 297 2217 νίας
310 2160 460 2229 καινομένην
473 2160 543 2226 (ίοτί.
558 2159 716 2228 κλινομένην)
733 2159 795 2213 8010
810 2159 851 2223 6,6

193 2248 302 2306 καινάς
321 2247 397 2314 2521
418 2248 495 2314 4921

193 2336 306 2407 καίπερ
325 2352 347 2390 0.
362 2344 428 2404 part.
442 2336 521 2400 2223
540 2335 619 2402 2120
637 2334 715 2394 2824

193 2422 313 2494 καιρός.
344 2424 370 2476 έν
389 2426 428 2493 τῷ
439 2426 543 2496 παρόντι
555 2429 635 2495 καιρῷ
649 2421 727 2481 3422
758 2421 854 2481 ἐντοῖς

247 2509 348 2581 ὕστερον
377 2519 473 2584 καιροῖς
500 2510 583 2578 4226
625 2511 651 2563 ἐν
674 2509 774 2569 τοδτοις
800 2519 853 2570 τοῖς

247 2607 342 2670 καιροῖς
361 2599 428 2664 212
465 2601 531 2652 κατὰ
550 2598 654 2657 τοὺτους
672 2601 731 2657 τοὺς
748 2600 852 2669 καιροὺς

245 2687 370 2752 212311
385 2688 462 2753 2925
475 2687 553 2755 3624
585 2682 648 2739 κατ’
663 2687 775 2745 ἐκείνους
793 2688 852 2745 τοὺς

247 2776 348 2848 καιροίις
370 2776 445 2839 1922

192 2865 429 2935 κακοπράγμων
449 2865 517 2933 ρ1ιιτ.
532 2865 610 2930 (coni.
624 2864 743 2935 πονηράς)
763 2863 824 2930 382

193 2954 300 3012 κακός.
332 2954 438 3021 politice
452 2951 547 3020 δμοίως
564 2955 602 3021 τῷ
616 2952 691 3021 κακιγῖ
701 2971 729 3005 τε
742 2950 851 3023 κάγαθῷ
868 2976 875 2989 1

246 3041 308 3095 Soio
338 3041 418 3104 1320
458 3040 576 3111 πατρίδος
602 3048 718 3092 κακοῖσιν
746 3039 851 3100 έσθλοδς

245 3130 383 3200 ίσομοιρίαν
402 3129 466 3201 ἔχειν
487 3131 554 3181 idem
576 3128 652 3190 1223
683 3130 752 3181 κακά
772 3131 850 3192 (cotti.

249 3216 344 3284 δδίιναι)
361 3216 418 3283 192
429 3232 486 3286 sqq.
502 3245 531 3254 -
546 3216 605 3269 adv.
619 3216 671 3269 ἐπεὶ
684 3222 773 3274 κακῶς
786 3217 850 3289 είχεν

243 3308 276 3358 τὰ
294 3307 320 3359 έν
338 3307 376 3374 τῷ
394 3305 461 3357 ἄστει
475 3304 549 3370 2121
584 3307 650 3357 κατὰ
669 3304 715 3375 τὴν
734 3307 850 3375 στρατιάν

244 3400 333 3452 κακῶς
351 3392 564 3465 ἀποχωρήσαντες
587 3392 649 3457 392
688 3399 777 3451 κακῶς
795 3393 848 3462 τρέ·

243 3501 298 3553 φιιν
322 3480 385 3546 532
428 3482 458 3532 ἀν
480 3498 517 3537 τις
539 3480 583 3533 τὸν
607 3478 738 3550 έλεὺθερον
761 3487 849 3538 κακῶς

242 3569 303 3641 itm
327 3569 391 3634 102
412 3598 445 3605 -
464 3584 579 3635 compar.
592 3567 656 3621 πολὺ
679 3568 757 3640 χείρω
781 3569 847 3632 312

243 3658 373 3711 αίτιῶνταί
389 3675 453 3715 τινες
466 3658 544 3729 χείρω
559 3654 609 3725 [sic
623 3658 847 3711 indeclinabiliter

242 3746 415 3819 Ινιτχείρους
434 3746 565 3811 (ν.α(1ιι.)]
584 3744 698 3814 γενέσθαι
716 3745 795 3814 3020

189 3843 380 3906 κακουργεῖν
398 3835 458 3900 152

189 3922 397 3994 κακοίιργημα
416 3922 476 3987 182

190 4011 395 4083 κακοφραδής
413 4010 493 4077 (coni.
507 4007 687 4079 φιλοκτήμων)
708 4009 767 4063 801ο
784 4011 843 4074 142

189 4101 328 4158 κάκωσις
341 4099 456 4170 (γονίων,
470 4097 594 4172 ὀρφανῶν,
608 4098 755 4168 ἐπικλήρου,
774 4098 846 4152 οέκου

242 4187 381 4258 όρφανικοῦ
399 4187 458 4250 642
470 4202 527 4256 sqq.

190 4275 298 4330 καλεῖν
311 4275 380 4342 (τοὺς
393 4276 530 4344 μάρτυρας)
544 4275 621 4340 6225
652 4273 722 4332 δπως
741 4275 770 4327 ἐκ
788 4274 845 4328 τοὺ·

241 4383 295 4418 των
314 4362 450 4422 καλοῦντες
468 4362 581 4417 ἀποδῶσι
599 4364 641 4417 τὸν
661 4361 750 4431 μισθόν
768 4363 847 4428 1120

241 4453 312 4520 (τοὺς
334 4451 549 4523 κατειλεγμένους)
569 4452 650 4517 5322
687 4454 755 4518 (τοὺς
777 4452 845 4522 είλη·

240 4542 328 4614 χότας)
351 4541 432 4607 1521
469 4547 553 4615 χρεῶν
577 4541 720 4598 ἀποκοπάς.
744 4541 773 4599 θς
797 4557 846 4594 σει-

241 4626 361 4703 σάχθειαν
374 4629 493 4683 καλοῦσιν
505 4630 565 4697 622
597 4634 670 4700 (σιροῖς
682 4627 774 4686 αδτοὺς
792 4636 845 4682 τῶν

241 4717 342 4786 δήμων)
354 4715 411 4782 252
445 4717 543 4787 passi
562 4718 588 4771 δὲ
600 4716 703 4789 κληθεὶς
722 4717 765 4770 καὶ
784 4716 845 4770 δπα-

242 4806 337 4863 καίσας
355 4804 422 4859 ἕλκει
438 4805 546 4876 βάλανον
565 4808 594 4860 ἐκ
613 4810 658 4875 τῆς
671 4805 754 4877 ὓδρίας
766 4804 844 4869 1522

241 4892 379 4947 ἐκαλοῦντο
397 4893 503 4949 πελάται
522 4896 567 4963 32
588 4896 647 4950 sim.
665 4893 738 4960 426.
749 4892 783 4946 28
804 4892 844 4957 11,

1344 318 1419 379 κατά
1508 315 1565 381 121

963 490 996 542 22
1019 489 1084 555 152
1121 489 1150 542 τὸ
1174 494 1217 542 νῦν
1241 489 1395 558 καλοδμενον
1415 488 1568 544 Βουκολεῖον

963 576 1029 641 423
1048 578 1080 630 01.
1094 577 1158 642 232
1194 580 1253 636 τοὺς
1271 578 1459 650 κορυνηφόρους
1477 577 1567 631 καλου-

963 666 1053 733 μένους
1069 665 1141 726 1521
1171 667 1194 718 ot
1205 665 1356 734 καλοὺμενοι
1370 667 1440 719 ἐννέα
1451 666 1568 740 ἄρχοντες

963 754 1044 818 6126
1086 754 1109 806 οί
1130 755 1266 825 τριάκοντα
1291 754 1406 807 δικασταί
1429 754 1453 807 οἱ
1475 753 1568 806 tutot-

962 860 1030 909 μενοι
1049 843 1115 894 κατὰ
1133 842 1228 911 δήμους
1245 842 1323 906 2929
1355 843 1492 913 ἱεροποιοὺς
1510 843 1568 900 τοὺς

961 930 1002 982 ἐπὶ
1014 930 1045 982 τά
1059 929 1190 998 ἐκθύματα
1203 930 1375 997 καλουμένους
1389 930 1493 994 61201.
1507 931 1567 995 612

962 1017 991 1070 τδ
1010 1016 1106 1087 κληθέν
1125 1017 1227 1088 ὕστερον
1246 1022 1339 1092 χωρίον
1359 1017 1444 1076 άτελές
1466 1019 1523 1082 192

909 1104 1088 1177 καλλιερεῖν
1107 1107 1168 1166 612
1182 1107 1222 1159 bis

908 1193 1003 1252 καλός
1026 1195 1110 1265 (γυνή)
1136 1194 1216 1257 1123
1252 1195 1346 1258 (ἵππος)
1369 1194 1451 1258 5224
1492 1194 1566 1248 καλοί

961 1281 1071 1350 κάγαθοί
1098 1282 1140 1346 32,
1150 1283 1181 1335 10
1220 1281 1249 1335 τὸ
1273 1280 1351 1335 καλόν
1375 1283 1495 1334 honestum
1518 1284 1565 1350 1,6

960 1371 1021 1423 adv.
1035 1369 1096 1440 πρὸς
1110 1370 1266 1441 ἀμφοτέρους
1279 1368 1399 1440 έπεφΰκει
1417 1368 1504 1428 καλῶς
1525 1373 1565 1436 19,

960 1459 990 1510 21
1029 1456 1115 1515 καλῶς
1133 1459 1218 1530 άρχειν
1237 1460 1301 1521 462
1322 1457 1403 1523 1125
1440 1458 1565 1512 έπολιτείι·

959 1543 1039 1612 θησαν
1049 1541 1178 1616 Ἀθηναῖοι
1191 1545 1277 1603 καλῶς
1290 1545 1368 1610 2123
1385 1547 1417 1598 01.
1430 1546 1508 1611 3626
1522 1549 1564 1613 41,

960 1633 992 1686 23
1033 1640 1084 1686 τῶν
1112 1635 1146 1704 μή
1176 1633 1263 1693 καλῶς
1285 1635 1399 1707 ἐχόντων
1426 1634 1492 1699 322
1534 1635 1563 1688 οδ

958 1724 1112 1792 χρησάμενοι
1135 1722 1160 1775 δὲ
1180 1721 1266 1780 καλῶς
1289 1723 1346 1775 τότε
1369 1729 1420 1781 τοῖς
1439 1724 1565 1791 πράγμασι

958 1810 1018 1875 312
1055 1809 1154 1878 superi.
1168 1811 1225 1863 adv.
1239 1808 1361 1864 κάλλιστα
1378 1811 1458 1874 (σοιτί.
1471 1809 1565 1863 πολιτι-

958 1897 1072 1960 κώτατα)
1091 1898 1151 1963 422

904 1983 961 2037 κᾶν
981 2001 1004 2037 ν.
1025 1986 1055 2037 οἶν
1074 1992 1100 2038 et
1118 1986 1162 2038 έάν

904 2080 1095 2145 κανηφορεῖν
1114 2073 1192 2139 2022

904 2163 1030 2220 κανονίς
1048 2162 1109 2226 15,5
1146 2162 1213 2229 plur.
1227 2161 1286 2226 152

904 2250 1022 2319 καρπός
1044 2251 1118 2314 1112

905 2341 1045 2406 καρποῦν
1065 2338 1188 2403 01011(το
1206 2338 1304 2404 αδτῶν)
1321 2336 1401 2404 4025

904 2427 1056 2496 καρτερός
1075 2426 1160 2497 (ἦτορ)
1180 2426 1317 2490 8010622

904 2516 983 2567 κατά
1003 2529 1024 2566 0Ι
1039 2530 1099 2581 gen.
1113 2511 1176 2566 καθ’
1191 2514 1265 2582 ἱερῶν
1278 2513 1414 2582 ὀμόσαντες
1426 2513 1468 2576 32
1483 2512 1561 2579 3326

957 2602 1104 2666 (δικάζουσι)
1117 2604 1184 2653 κατὰ
1200 2609 1252 2654 τῶν
1265 2601 1384 2655 τελωνῶν
1398 2600 1459 2668 512
1489 2601 1563 2654 αὗται

957 2691 993 2754 (αἱ
1011 2690 1114 2760 γραφαί)
1133 2691 1179 2743 είσ1
1197 2693 1263 2743 κατὰ
1286 2696 1337 2742 τῶν
1356 2689 1499 2760 ἐπιτρόπων
1520 2690 1562 2755 64,

957 2778 1016 2832 1.8.
1029 2778 1061 2831 10
1101 2778 1182 2850 κύριοι
1206 2784 1259 2831 τῶν
1283 2778 1368 2831 αδτῶν
1393 2779 1454 2830 είσιν
1477 2777 1561 2847 ὧνπερ

955 2865 978 2918 οἱ
996 2867 1130 2936 στρατηγοί
1149 2868 1216 2919 κατὰ
1233 2872 1285 2919 τῶν
1305 2865 1415 2919 ὁπλιτῶν
1435 2865 1500 2932 122
1538 2883 1561 2919 0.

955 2970 1008 3007 000.
1022 2955 1071 3006 100.
1084 2953 1256 3024 διεσπαρμένοι
1269 2956 1336 3006 κατὰ
1354 2955 1399 3024 τήν
1413 2953 1501 3026 χῶραν
1521 2954 1564 3018 18,

958 3041 990 3094 18
1024 3044 1089 3094 κατὰ
1108 3040 1235 3095 θάλατταν
1255 3041 1332 3106 2226
1369 3043 1435 3094 κατὰ
1454 3046 1500 3112 γῆν
1519 3041 1562 3108 22,

957 3130 988 3182 19
1020 3131 1086 3182 κατὰ
1104 3129 1150 3200 τήν
1170 3129 1265 3182 εἴσοδον
1279 3131 1389 3200 έκάστην
1402 3130 1462 3193 14,5
1494 3131 1560 3182 κατὰ

954 3217 1050 3288 δήμους
1063 3218 1198 3289 περιιόντες
1211 3219 1270 3285 512
1302 3219 1333 3270 τὰ
1346 3218 1413 3271 κατὰ
1430 3219 1477 3288 τήν
1491 3218 1558 3272 πολι-

953 3304 1022 3358 τείαν
1040 3304 1100 3370 312
1120 3307 1151 3357 01.
1164 3306 1225 3368 322

989 3400 1069 3461 temp.
1087 3389 1146 3445 κατ’
1167 3393 1279 3446 ἐνιαυτόν
1309 3395 1470 3461 (quotannis)
1493 3396 1558 3462 429

953 3480 1013 3548 342
1043 3480 1101 3538 τοὺς
1113 3477 1172 3533 κατ’
1189 3482 1302 3535 ἐνιαυτὸν
1315 3482 1486 3550 καλουμένους
1498 3484 1558 3550 612

953 3566 1012 3622 καθ’
1026 3569 1135 3641 ἑκάστην
1154 3570 1220 3641 (τήν)
1234 3571 1328 3640 ἡμέραν
1342 3571 1465 3635 (cottidie)
1479 3571 1558 3636 3024

952 3657 1036 3723 3424
1064 3659 1095 3711 01.
1113 3658 1253 3721 502516
1279 3658 1340 3724 522
1367 3658 1449 3721 1125
1491 3661 1557 3711 κατὰ

951 3744 1108 3816 πενθήμερον
1138 3745 1218 3808 3421
1268 3748 1334 3799 κατὰ
1363 3745 1410 3817 τήν
1441 3749 1556 3815 στρατιάν

950 3835 1091 3905 (στρατείαν
1104 3834 1186 3901 K-W)
1196 3834 1257 3900 392
1288 3834 1355 3886 κατὰ
1367 3834 1432 3901 (τὸν)
1445 3834 1556 3904 πόλεμον

951 3921 1119 3988 29213221
1138 3922 1216 3988 1326
1246 3923 1313 3975 κατὰ
1331 3923 1377 3992 τήν
1396 3922 1477 3996 άρχήν
1498 3922 1557 3984 192

951 4007 1013 4062 κατ’
1027 4011 1105 4082 ἀρχάς
1122 4010 1183 4075 382
1221 4009 1284 4062 κατ’
1296 4009 1408 4068 ἐκείνους
1425 4012 1483 4069 τοὺς
1502 4029 1558 4063 και-

951 4098 1010 4170 ροΰς
1039 4098 1118 4163 1922
1147 4098 1179 4151 01.
1197 4098 1335 4161 212316
1363 4097 1444 4162 2924
1472 4098 1556 4164 3623

951 4186 1013 4240 κατ’
1028 4186 1104 4239 αὐτόν
1118 4188 1189 4250 (eius
1206 4188 1302 4250 aetate)
1317 4185 1391 4248 3221
1424 4193 1477 4239 τῶν
1490 4183 1554 4240 καθ’

951 4275 1040 4328 ἑαυτὸν
1058 4274 1181 4346 διαφέρειν
1195 4274 1255 4338 212
1283 4275 1350 4326 κατὰ
1363 4273 1452 4344 μικρόν
1465 4277 1556 4326 sensim

951 4364 1010 4428 212
1031 4363 1109 4429 2824

986 4450 1089 4503 distrib.
1106 4449 1207 4503 δώδεκα
1232 4447 1299 4502 καθ’
1316 4450 1426 4520 ἑκάστην
1450 4449 1555 4521 (φυλήν)

950 4541 1013 4605 921
1056 4539 1162 4611 μερίζειν
1185 4540 1252 4591 κατὰ
1276 4539 1320 4597 τὰς
1344 4538 1555 4613 προῦπαρχοὺσας

949 4632 1047 4699 τριττῦς
1071 4628 1152 4695 2421
1190 4628 1213 4679 οἱ
1237 4628 1303 4680 κατὰ
1326 4626 1422 4695 δήμους
1441 4627 1555 4681 δικασταί

951 4716 1032 4784 1822
1052 4715 1094 4779 29,
1102 4716 1135 4768 29
1154 4715 1237 4780 5220
1273 4715 1378 4783 διένειμε
1400 4715 1446 4786 τὴν
1465 4716 1553 4787 χῶραν

949 4805 1015 4857 κατά
1027 4804 1123 4874 δήμους
1135 4804 1212 4869 2429
1225 4802 1284 4865 512
1313 4804 1378 4855 κατὰ
1391 4802 1471 4873 φυλάς
1485 4804 1553 4870 262.

952 4890 984 4944 13
1006 4890 1125 4958 44228
1153 4890 1235 4956 5122
1258 4889 1340 4957 6325
1364 4889 1446 4958 1328
1470 4893 1551 4957 1421
