3510 5610
189 335 230 400 22
405 334 630 388 ARISTOTELIS
651 335 714 388 RES
734 335 884 388 PUBLIOA
905 336 1167 390 ATHENIENSIUM
1186 337 1251 390 XIX
1267 337 1344 390 3-5

244 508 352 572 σασθαι
378 510 430 593 τὴν
453 510 595 588 κάθοδον,
623 507 683 572 ἀλλ’
711 509 769 572 αἰεὶ
791 509 998 593 προσέπταιον·
1019 510 1023 591 Ι
1044 508 1074 573 ἔν
1100 535 1132 574 τε
1153 511 1207 594 γάρ
1231 517 1291 580 τοῖς
1313 511 1411 581 ἄλλοις
1439 510 1484 578 οἷς
1508 519 1567 586 μδ

243 609 384 696 ἔπραττον
413 614 620 697 διεσφάλλοντο
647 614 695 676 καὶ
723 614 900 697 τειχίσαντες
933 613 963 675 έν
996 617 1033 697 τη
1062 617 1149 699 χώρᾳ
1171 616 1341 700 Λειψύδριον
1373 617 1406 678 τὸ
1435 616 1510 699 ὑπὲρ

244 712 414 800 Πάρνηθος,
442 715 483 785 είς
510 715 526 779 δ
550 715 726 800 συνεέῆλθόν
750 738 822 783 τινες
850 720 907 777 τῶν
935 715 968 778 ἐκ
991 721 1042 779 τοῦ
1064 717 1192 798 ἄστεως,
1222 718 1510 802 ἐξεπολιορκήθησαν

244 818 300 881 ὑπὸ
323 823 381 881 τῶν
404 819 559 903 τυράννων,
588 817 657 882 όθεν
681 818 798 902 ὕστερον
824 818 897 900 μετὰ
920 819 1026 902 ταύτην
1050 823 1102 904 τὴν
1125 821 1277 906 συμφορὰν
1299 818 1373 905 ᾖδον
1396 824 1426 885 ἐν
1449 827 1512 890 τοῖς

208 941 224 990 5
244 924 369 992 σκολιοῖς
391 922 461 985 αέεί·

548 1026 612 1088 αἰαῖ
626 1025 799 1110 Λειψύδριον
822 1025 1065 1112 προδωσέταιρον,

550 1129 629 1197 οἵους
652 1127 759 1211 άνδρας
780 1128 937 1196 ἀπώλεσας
961 1130 1110 1214 μάχεσθαι

547 1231 676 1312 άγαθοός
698 1254 729 1293 τε
753 1233 800 1294 καὶ
822 1229 1005 1314 εὐπατρίδας,

548 1333 576 1396 οἳ
599 1333 661 1396 τότ’
677 1332 787 1403 ἔδειξαν
810 1334 881 1397 οἵων
903 1335 1036 1419 πατέρων
1059 1334 1138 1401 ἔσαν.

195 1459 226 1506 ιο
244 1439 495 1524 ἀποτυγχάνοντες
517 1435 568 1500 οὖν
597 1437 627 1499 ἐν
643 1438 734 1501 ἅπασι
756 1443 817 1508 τοῖς
832 1437 930 1508 άλλοις
946 1440 1150 1522 ἐμισθώσαντο
1173 1443 1222 1505 τόν
1245 1442 1275 1504 ἐν
1291 1443 1416 1527 Δελφοῖς
1439 1445 1514 1505 νεὼν
1553 1450 1572 1507 1

247 1544 425 1624 οἰκοδομεῖν,
454 1539 523 1604 όθεν
546 1539 713 1626 εὐπόρησαν
740 1543 903 1626 χρημάτων
931 1545 1003 1628 πρὸς
1029 1545 1081 1627 τὴν
1108 1549 1166 1608 τών
1184 1546 1333 1609 Λακώνων
1361 1548 1513 1631 βοήθειαν.

246 1649 265 1729 η
288 1647 321 1708 δὲ
338 1643 434 1708 Πυθία
450 1643 609 1729 προέρερεν
624 1646 680 1707 αἰεὶ
695 1651 755 1712 τοῖς
771 1647 1008 1728 Λακεδαιμονίοις
1024 1649 1322 1732 χρηστηριαζομένοις
1337 1649 1513 1733 ἐλευθεροῦν

248 1749 298 1818 τάς
311 1747 446 1831 Ἀθήνας
469 1750 510 1817 είς
533 1742 618 1811 τοῦθ’
637 1748 693 1815 ἕως
710 1749 871 1833 προύτρεψε
894 1749 962 1818 τοὺς
978 1749 1168 1833 Σπαρτιάτας,
1191 1753 1294 1837 καίπερ
1311 1751 1402 1816 όντων
1424 1751 1513 1821 ξένων

247 1851 347 1920 αὐτοῖς
369 1857 427 1915 τῶν
451 1850 708 1935 Πεισιστρατιδῶν·
734 1853 927 1936 συνεβάλλετο
951 1854 983 1915 δὲ
1006 1853 1059 1918 οὐκ
1081 1853 1194 1917 ἐλάττω
1218 1861 1321 1940 μοῖραν
1343 1860 1396 1939 τῆς
1419 1856 1515 1940 ὁρμῆς

196 1977 226 2026 15
245 1961 305 2025 τοῖς
321 1956 457 2019 Λάκωσιν
481 1957 499 2038 ἡ
524 1956 596 2039 πρὸς
618 1955 685 2024 τοὺς
700 1953 850 2037 ’Λργείους
872 1959 932 2023 τοῖς
957 1954 1201 2039 Πεισιστρατίδαις
1224 1959 1398 2043 ὑπάρχουσα
1422 1960 1514 2043 φιλία.

246 2063 278 2125 τὸ
303 2060 355 2143 μὲν
379 2057 429 2123 οὖν
452 2064 566 2144 πρῶτον
580 2058 758 2143 ’Λγχίμολον
775 2057 948 2122 ἀπέστειλαν
970 2061 1043 2123 κατὰ
1068 2061 1214 2125 θάλατταν
1237 2060 1343 2147 έχοντα
1366 2064 1513 2146 στρατιάν.
1555 2072 1570 2127 δ

250 2163 428 2248 ἡττηθέντος
443 2160 472 2225 δ’
493 2162 583 2225 αὐτοῦ
599 2165 647 2226 καὶ
663 2163 888 2247 τελευτήσαντος
904 2163 950 2225 διολ
966 2165 998 2226 τδ
1015 2162 1121 2228 Κινέαν
1138 2167 1286 2250 βοηθῆσαι
1302 2166 1350 2230 τδν
1366 2165 1515 2230 Θετταλὸν

247 2267 357 2354 ἔχοντα
379 2267 491 2351 χιλίους
514 2266 622 2346 ίππεῖς,
645 2266 905 2351 προσοργισθέντες
928 2270 970 2350 τῷ
993 2268 1141 2353 γενομένῳ
1158 2266 1328 2353 Κλεομένην
1348 2268 1514 2354 ἐξέπεμψαν

248 2369 439 2457 τὸνβασιλέα
464 2368 566 2433 στόλον
590 2367 697 2455 ἔχοντα
721 2368 813 2453 μείζω
840 2368 914 2433 κατέ
941 2373 1009 2453 γῆν,
1037 2369 1069 2439 ὃς
1114 2374 1161 2434 πεὶ
1184 2371 1250 2439 τοὺς
1278 2376 1334 2434 τῶν
1359 2371 1515 2435 Θετταλῶν

194 2594 360 2666 ἳλιψυδριον
378 2594 399 2648 L
418 2596 492 2660 (item
513 2595 539 2647 in
560 2594 576 2645 Ι.
590 2594 616 2656 6)
776 2595 793 2647 4
817 2593 893 2662 μετὰ]
916 2594 952 2652 είς
974 2595 1060 2658 K·W,
1079 2595 1127 2660 Βλ,
1152 2612 1185 2648 ex
1205 2596 1291 2663 Etym.
1312 2597 1379 2664 Mag.
1402 2594 1516 2658 (σκόλιον
1536 2597 1573 2655 είς

193 2683 285 2743 αότοίις
303 2679 401 2756 ἧδετσ);
421 2683 453 2735 σί.
472 2681 548 2746 ίιιίια,
567 2697 593 2749 p.
613 2681 673 2746 245
816 2681 832 2734 5
851 2682 899 2736 αέιί
923 2682 975 2735 del.
995 2683 1080 2743 Eudo,
1104 2683 1182 2748 K-w,
1202 2682 1268 2750 II-L,
1291 2683 1309 2737 S
1452 2685 1468 2736 9
1488 2685 1524 2750 σέ]
1544 2703 1571 2736 σι

195 2774 262 2842 legit
280 2774 351 2835 Wn.,
370 2771 437 2824 male
456 2770 568 2822 formata
586 2776 628 2822 est
648 2770 736 2822 littera
850 2769 880 2823 13
899 2788 933 2829 εις
951 2788 1011 2823 τουτ
1030 2769 1126 2829 ευθιως
1145 2771 1178 2834 L3
1203 2771 1237 2830 εές
1255 2767 1326 2824 τοῦθ’
1343 2771 1392 2829 έως
1412 2770 1452 2824 Bl.
1472 2772 1570 2841 (K-w,

195 2862 261 2928 H-L,
279 2860 321 2924 S);
342 2859 373 2913 cf.
393 2859 474 2912 schol.
494 2860 539 2911 Ar.
559 2858 621 2925 Lys.
643 2857 711 2911 1150
855 2858 887 2910 17
906 2856 1029 2912 θεσσαλσν
1047 2859 1067 2911 L
1218 2859 1250 2913 18
1269 2857 1377 2932 χειλιους
1395 2857 1416 2910 1,

199 2950 230 3001 19
250 2945 381 3002 δεσσαλων
402 2945 422 2998 1,
505 2961 508 2967 ·

195 3122 275 3193 δριον]
294 3122 389 3191 χωρίον
408 3123 454 3191 τῆς
470 3117 595 3190 ’Λττικῆς
619 3120 681 3190 θπέρ
700 3116 836 3189 Πάρνηθος
856 3117 896 3182 (τό
916 3113 1089 3183 ο.11.ειιισ.;
1112 3119 1142 3172 τό
1165 3118 1283 3191 ὑπεράνω
1308 3117 1441 3192 Πάρνηθος
1460 3120 1489 3181 L,
1513 3123 1571 3194 περὶ

195 3211 242 3281 τὴν
263 3205 398 3279 Πάρνηθον
418 3210 515 3261 omisso
534 3207 563 3261 τό
583 3209 614 3271 R)
635 3208 659 3266 ές
678 3205 691 3260 δ
710 3205 836 3276 συνῆλθόν
855 3223 919 3263 τινες
936 3211 989 3259 τῶν
1009 3207 1073 3270 (τῶν
1092 3206 1175 3270 θεῖά,
1195 3225 1247 3261 om.
1266 3207 1321 3273 RL)
1349 3209 1379 3261 έκ
1397 3213 1443 3261 τοῦ
1463 3210 1572 3275 ἄστεως,

196 3297 234 3355 ώς
251 3314 326 3368 φησιν
342 3293 521 3368 Ἀριστοτέλης
540 3297 566 3348 έν
585 3293 734 3366 ’Λθηναέων
753 3293 873 3365 πολιτείᾳ.
897 3324 929 3332 -
956 3295 996 3346 Et.
1015 3311 1076 3364 gen.
1095 3295 1170 3361 (inde
1189 3295 1284 3363 Symeo
1303 3304 1330 3350 et
1348 3296 1387 3349 Et.
1407 3298 1441 3349 11.
1461 3296 1571 3363 361,31)

195 3389 212 3438 i.
227 3403 250 3439 ε.
273 3386 347 3439 Phot.
368 3409 401 3429 =
422 3386 495 3439 Suid.
516 3386 555 3437 έπλ
574 3384 716 3455 Λειψυδρίιμ
735 3386 820 3456 μάχηι
839 3384 935 3454 χωρίον
954 3382 1015 3453 δπέρ
1034 3386 1079 3453 της
1094 3381 1235 3454 Πάρνηθος,
1254 3382 1403 3456 δέτείχισαν
1422 3386 1446 3437 οί
1460 3386 1570 3454 φυγάδες

195 3481 248 3528 τιῖιν
266 3477 407 3545 τυράννων,
427 3474 465 3526 ὧν
484 3475 531 3539 (sic
551 3473 660 3540 Syme03
687 3472 717 3526 οὗ
737 3472 776 3525 Et.
791 3489 861 3541 gen„
880 3472 921 3524 Et.
935 3473 981 3541 11.;
1010 3488 1060 3524 om.
1079 3472 1165 3538 Suid.)
1185 3469 1428 3542 ο1’Λλκμαιωνέδαι
1446 3491 1571 3545 προεστη-

195 3580 280 3617 κεσαν.
315 3561 569 3634 έκπολισρκηθέντων
583 3558 608 3614 δ’
622 3561 707 3614 αὐτῶν
726 3561 774 3615 όπδ
793 3566 845 3614 τῶν
864 3562 920 3633 περὶ
934 3556 1110 3630 Πεισίστρατον
1129 3560 1230 3614 σκολιόν
1249 3561 1284 3618 είς
1302 3560 1393 3619 αδτοδς
1413 3557 1503 3635 η’δετο·
1519 3562 1571 3616 “αλ“

196 3652 223 3705 αδ
241 3651 393 3723 Λειψόδρισν
417 3652 466 3719 (sic
486 3651 558 3718 Sym.
578 3656 605 3703 et
624 3651 707 3716 Suid„
726 3649 868 3721 Λυφόδριον
889 3649 928 3702 δέ.
948 3665 1017 3718 gen„
1036 3650 1078 3702 Et.
1097 3651 1140 3714 Π.)
1163 3650 1371 3720 προδωσέταιρον,
1391 3652 1460 3709 οἵους
1479 3651 1571 3723 ἄνδρας

196 3740 329 3798 ἀπώλεσας
358 3740 484 3810 μάχεσθαι
512 3736 548 3804 (δ’
573 3741 615 3792 hic
643 3739 704 3791 add.
728 3738 816 3807 Suid.)
844 3737 954 3808 ἀγαθοές
982 3756 1009 3790 τε
1037 3739 1081 3790 καὶ
1108 3737 1256 3807 είιπατρίδας
1284 3736 1359 3792 ὁπότ’
1382 3739 1478 3800 ἔδειξαν
1507 3742 1571 3795 σέων

196 3830 313 3900 πατέρων
334 3829 392 3881 έσαν
412 3829 462 3895 (sic
480 3828 563 3892 Suid„
583 3829 657 3881 έασαν
677 3825 754 3895 111.)”.

287 3917 319 3971 10
347 3917 433 3970 Schol.
467 3920 512 3969 Ar.
540 3918 601 3984 Lys.
634 3917 699 3970 1150
734 3918 780 3983 (R)
815 3913 993 3986 Ἀριστοτέλης
1025 3915 1085 3985 φησὶ
1117 3916 1181 3984 μετέ
1212 3915 1255 3968 τόν
1286 3912 1424 3987 Ἱππάρχου
1457 3914 1571 3971 θάνατον

195 4004 310 4077 χρησμὸν
330 4003 443 4074 γενέσθαι
462 4011 514 4063 τοῖς
532 4003 653 4059 Λάκωσιν
676 4004 809 4059 καταλόειν
833 4005 879 4075 τὴν
903 4003 1042 4072 τυραννίδα,
1066 4007 1111 4073 τῆς
1138 4001 1245 4067 Πυθίας,
1270 4003 1306 4062 ὡς
1328 4006 1352 4057 οἱ
1368 4001 1572 4072 ’Λλκμαιωνέδαι

197 4094 372 4164 ἐμισθώσαντο
391 4094 433 4146 τόν
452 4095 478 4146 έν
497 4092 604 4163 Δελφοῖς
625 4095 692 4146 νεὼν
717 4093 868 4162 οέκοδομεῐν,
896 4099 1011 4162 συνεχως
1032 4096 1108 4145 τοῦτο
1132 4093 1234 4165 χρώσης
1258 4091 1343 4150 αδτοῖς
1366 4097 1571 4162 μαντευομένοις,

196 4183 246 4241 έως
264 4182 385 4253 πρότερον
405 4183 450 4250 μέν
467 4178 620 4254 Ἄγχίμσλον
639 4181 753 4251 έπεμψαν
777 4181 843 4234 κατὰ
862 4179 998 4245 θάλασσαν,
1025 4178 1243 4251 ἀποκρουσθέντος
1266 4178 1295 4233 δ’
1311 4179 1388 4234 αὑτοῦ
1413 4180 1571 4254 ὀργισθέντες

196 4272 219 4323 σί
238 4269 360 4327 Λάκωνες
380 4266 513 4342 Κλεομένη
532 4269 575 4323 τὸν
596 4269 697 4339 βασιλέα
716 4272 760 4323 σὺν
779 4270 872 4338 μείζονι
891 4268 1033 4338 ἐξέπεμψαν
1053 4267 1144 4338 στόλῳ,
1163 4269 1207 4321 καλ
1224 4268 1330 4339 νικήσας
1348 4272 1407 4327 τοὺς
1427 4267 1571 4330 Θετταλοὺς

197 4359 311 4428 εἰσῆλθεν
330 4359 365 4416 εές
383 4359 430 4427 τὴν
449 4356 571 4428 Ἀττικὴν
593 4359 635 4411 καὶ
654 4359 697 4411 τὸν
711 4356 809 4412 Ἱππίαν
822 4356 978 4410 συνέκλεισεν
999 4357 1033 4415 εές
1045 4356 1073 4409 τό
1089 4354 1243 4428 Πελαργικόν
1261 4366 1354 4427 τεῖχος,
1373 4359 1422 4417 ἕως
1442 4360 1466 4412 ολ
1485 4359 1572 4418 παῖδες

195 4454 247 4500 τῶν
265 4449 395 4516 τυράννων
415 4445 519 4506 ἐξιόντες
540 4447 665 4499 ἑάλωσαν.

286 4537 318 4588 16
340 4534 531 4588 11υιιοο.λ·”ί13
558 4535 753 4604 Λακεδαιμόνιοι
779 4536 805 4587 δέ
833 4533 869 4592 ὥς
897 4550 939 4603 σφι
966 4533 1014 4586 αίιλ
1040 4532 1125 4586 τωότό
1153 4533 1295 4603 πρόφαντον
1321 4535 1415 4603 ἐγίνετο
1443 4535 1569 4604 πέμπουσι

192 4620 360 4696 ’Λγχιμέλιον
379 4624 423 4676 τὸν
436 4621 556 4694 ’Λστέρος
577 4662 644 4676 ,...
665 4626 790 4692 πέμπουσι
815 4622 841 4675 δέ
859 4623 964 4679 τοότους
982 4624 1048 4674 κατὰ
1067 4621 1193 4674 θάλασσαν
1212 4621 1318 4676 πλοίοισι
1337 4664 1342 4675 .
1358 4664 1384 4676 ..
1405 4622 1528 4679 Θεσσαλοὶ
1546 4626 1571 4679 δέ

196 4729 239 4782 σφι
258 4711 395 4781 δεομένοισι
414 4713 563 4781 ἀπέπεμψαν
651 4712 734 4783 χιλίην
752 4731 779 4764 τε
800 4713 877 4765 ἵππον
901 4711 944 4763 καὶ
967 4710 1010 4763 τόν
1034 4710 1137 4780 βασιλέα
1163 4710 1206 4763 τὸν
1230 4711 1348 4779 σφέτερον
1368 4707 1460 4781 Κινέην
1480 4752 1571 4766 .....

197 4802 232 4851 ib.
253 4801 299 4852 64:
319 4803 382 4868 μετὰ
401 4801 426 4853 δέ
442 4800 634 4868 Λακεδαιμόνιοι
653 4802 722 4870 μέζω
742 4800 829 4854 στόλον
849 4799 988 4856 στείλαντες
1007 4799 1157 4869 ἀπέπεμψαν
1177 4799 1216 4851 έπλ
1234 4795 1412 4868 τὰς’Λθίγνας,
1432 4802 1572 4871 στρατηγόν

197 4893 244 4958 τῆς
257 4894 374 4960 στρατιῆς
387 4890 550 4951 ἀποδέξαντες
564 4889 668 4960 βασιλέα
678 4886 826 4959 Κλεομένεα
838 4889 881 4942 τόν
892 4885 1101 4960 Ἀναξανδρίδεω,
1114 4887 1199 4940 οὐκέτι
1211 4888 1277 4940 κατὰ
1290 4885 1418 4940 θάλασσαν
1432 4887 1572 4947 στείλαντες

199 4975 263 5031 έλλά
282 4975 339 5030 κατ’
353 4978 464 5048 ἤπειρον.
