3510 5610
206 322 248 387 34
361 324 581 380 ARISTOTELIS
602 326 665 380 RES
684 326 833 380 PUBLIGA
851 328 1113 384 ATHENIENSIUM
1131 331 1213 384 XXX
1230 330 1410 387 l-XXXII

345 497 444 562 XXX.
467 501 493 561 οἱ
529 501 581 583 μὲν
615 498 665 563 οῦν
699 502 864 585 αἱρεθέντες
886 507 977 565 ταῦτα
1000 503 1190 589 συνέγραψαν.
1236 504 1431 587 κυρωθέντων
1454 508 1488 570 δὲ
1510 516 1577 583 μη)

259 603 367 666 τούτων
391 603 502 667 εἱλοντυ
525 610 608 688 σφῶν
631 607 727 670 αὐτῶν
751 609 778 670 οἱ
803 609 1031 693 πεντακισχιλιοι
1055 610 1121 678 τοὺς
1144 611 1362 694 ἀναγράψοντας
1377 612 1522 693 τὴνπολι-

258 707 334 769 τείαν
367 708 468 772 έκατδν
502 708 616 792 ἀνδρας.
662 713 688 774 οἱ
723 711 748 774 δ’
777 713 941 796 αἱρεθέντες
974 713 1137 798 ἀνέγραψαν
1172 716 1218 778 καὶ
1254 715 1408 797 ἐξήνεγκαν
1438 719 1519 780 τάδε.

257 811 406 894 βουλεύειν
441 814 492 894 μὲν
525 812 587 877 κατ’
620 815 749 878 ἐνιαυτὸν
783 815 849 885 τοῦς
883 816 954 901 ὑπὲρ
988 820 1140 901 τριάκοντα
1178 816 1229 900 ἔτη
1263 820 1415 902 γεγονότας
1448 819 1521 882 ἀνευ
1559 828 1576 882 2

222 933 237 981 5
257 915 454 1001 μισθοφοραῖς·
478 918 587 981 τούτων
612 919 636 981 δ’
659 919 731 983 εἶναι
754 921 820 989 τοὺς
844 922 1022 1005 στρατηγοὺς
1050 924 1098 985 καὶ
1121 923 1188 991 τοὺς
1211 924 1294 987 ἐννέα
1309 922 1453 1007 ἄρχοντας
1468 928 1518 989 καὶ

255 1021 304 1084 τὸν
339 1022 534 1106 ἱερομνήμονα
563 1023 610 1085 καὶ
637 1025 704 1092 τοὺς
730 1025 902 1110 ταξιάρχους
930 1028 977 1089 καὶ
1006 1028 1175 1112 ἱππάρχους
1201 1029 1249 1091 καὶ
1278 1031 1446 1113 φυλάρχους
1469 1030 1519 1092 καὶ

255 1122 399 1208 ἄρχοντας
434 1128 476 1195 εἰς
502 1128 538 1190 τά
565 1128 689 1212 φρούρια
717 1131 763 1192 καὶ
788 1130 892 1212 ταμίας
915 1135 972 1192 τῶν
997 1132 1083 1214 ἱερῶν
1106 1133 1268 1216 χρημάτων
1291 1136 1329 1215 τή
1353 1131 1446 1218 θε[η”)]
1470 1135 1519 1196 καὶ

256 1234 317 1298 τοῖς
344 1229 442 1300 ἀλλοις
470 1232 550 1300 θεοῖς
573 1232 712 1297 δέκακαὶ
736 1234 946 1318 ἑλληνοταμίας
968 1236 1016 1298 καὶ
1040 1239 1097 1298 τῶν
1122 1236 1219 1299 ἀλλων
1242 1237 1330 1300 ὁσίων
1354 1239 1517 1321 χρημάτων

255 1333 391 1397 ἁπάντων
415 1335 521 1400 είκοσιν
544 1337 571 1399 οἳ
595 1339 801 1422 διαχειριοδσιν
824 1341 871 1401 καὶ
895 1339 1057 1423 ἱεροποιοὺς
1080 1343 1127 1403 καὶ
1151 1341 1328 1424 ἐπιμελητὰς
1350 1340 1421 1404 δέκα
1449 1342 1518 1405 ἑκα-

204 1457 235 1505 ιο
254 1439 367 1524 τέρους·
390 1441 538 1525 αἱρεῖσθαι
561 1442 593 1503 δὲ
615 1445 723 1512 πάντας
746 1443 866 1512 τούτους
886 1443 920 1506 ἐκ
936 1445 1107 1528 προκρίτων,
1131 1445 1237 1509 ἐκτῶν
1253 1446 1301 1508 ἀεὶ
1317 1445 1517 1531 βουλευόντων

254 1543 369 1614 πλείους
392 1548 604 1630 προκρίναντας,
635 1546 686 1614 τάς
708 1545 734 1609 δ’
763 1546 851 1616 ἀλλοις
874 1548 969 1632 ἀρχὰς
992 1550 1107 1618 ἁπάσας
1130 1550 1282 1635 κληρωτὰς
1304 1549 1378 1613 εἶναι
1401 1551 1448 1613 καὶ
1473 1550 1515 1633 μὴ

254 1649 288 1712 ἐκ
311 1654 363 1733 τῆς
385 1651 508 1735 βουλῆς·
543 1651 609 1719 τοὺς
633 1652 664 1713 δὲ
687 1651 896 1735 ἑλληνοταμίας
920 1653 948 1715 οἳ
972 1652 1005 1715 ἀν
1029 1655 1228 1739 διαχειρίζωσι
1250 1656 1286 1717 τά
1309 1656 1449 1739 χρήματα
1473 1654 1515 1737 μὴ

253 1754 472 1837 συμβουλεύειν.
561 1755 667 1839 βουλὰς
690 1755 722 1832 δὲ
745 1761 865 1839 ποιήσαι
888 1756 1025 1840 τέτταρας
1047 1758 1080 1820 ἐκ
1096 1763 1148 1841 τῆς
1164 1758 1276 1841 ήλικὶας
1291 1764 1343 1842 τῆς
1358 1758 1517 1843 εἰρημένης
1554 1766 1570 1822 3

253 1859 294 1926 εἱς
324 1860 372 1921 τὸν
400 1860 501 1922 λοιπδν
528 1859 645 1943 χρόνον,
679 1861 726 1922 καὶ
753 1860 861 1923 τούτων
890 1862 922 1923 τδ
945 1863 1038 1945 λαχὸν
1063 1862 1149 1947 μέρος
1173 1863 1331 1947 βουλεύειν,
1362 1867 1460 1945 νεῖμαι
1482 1863 1516 1925 δὲ

203 1981 232 2029 15
251 1964 300 2025 καὶ
324 1963 391 2033 τοὺς
412 1963 518 2033 ἄλλους
541 1965 613 2047 πρὸς
635 1965 687 2047 τήν
709 1964 789 2047 λήξιν
812 1965 951 2049 ἑκάστην·
976 1966 1042 2035 τοὺς
1065 1965 1090 2028 δ’
1120 1967 1223 2030 ἑκατδν
1247 1966 1352 2052 ἄνδρας
1368 1968 1515 2049 διανεῖμαι

253 2070 329 2152 σφᾶς
351 2091 382 2131 τε
405 2069 515 2138 αὐτούς
532 2070 579 2132 καὶ
603 2068 669 2135 τοὺς
685 2068 791 2137 ἄλλους
806 2068 928 2154 τέτταρα
944 2070 1018 2153 μέρη
1035 2073 1076 2138 ὡς
1092 2071 1223 2134 ἰσαίτατα
1239 2073 1286 2135 καὶ
1302 2074 1514 2155 διακληρῶσαι,

251 2173 300 2237 καλ
330 2173 372 2240 εἱς
394 2171 523 2235 ένιαυτδν
547 2172 703 2257 βουλεύειν.
792 2171 1009 2258 (βουλεύεσθαι)
1032 2169 1105 2256 δὲή
1131 2173 1166 2236 ἀν
1190 2177 1262 2257 δοκῇ
1287 2174 1385 2242 αὐτοῖς
1407 2174 1513 2257 ἄριστα
1550 2182 1568 2237 4

252 2272 323 2342 ἕξειν
347 2277 413 2359 περί
434 2300 465 2338 τε
488 2281 545 2338 τῶν
569 2279 741 2361 χρημάτων,
765 2275 846 2345 όπως
869 2275 903 2341 ἀν
927 2282 995 2361 σιῦα
1018 2275 1037 2361 ή
1063 2279 1111 2341 καλ
1127 2279 1167 2346 εἰς
1183 2281 1215 2341 τδ
1232 2279 1297 2342 δέον
1314 2278 1513 2362 ἀναλίσκηται,

252 2382 387 2462 καὶπερὶ
411 2379 588 2445 τῶνᾶλλων
613 2386 652 2449 ὡς
676 2380 710 2444 ἀν
734 2381 875 2444 δύνωνται
898 2381 1013 2465 ἄριστα·
1038 2381 1091 2445 κάν
1115 2406 1139 2444 τι
1155 2382 1280 2445 θέλωσιν
1296 2382 1514 2465 βουλεύσασθαι

198 2503 231 2551 20
252 2485 323 2564 μετὰ
347 2487 498 2566 πλειόνων,
528 2486 710 2550 ἐπεισκαλείν
734 2485 855 2550 ἕκαστον
879 2487 1068 2570 ἐπείσκλητυν
1093 2485 1124 2548 δν
1148 2486 1182 2549 ἂν
1206 2485 1297 2567 ἐθέλη
1321 2488 1379 2547 τῶν
1402 2485 1436 2548 ἐκ
1460 2490 1514 2569 τῆς

250 2588 341 2672 αὐτῆς
362 2589 489 2672 ἡλικίας·
524 2590 575 2658 τὰς
597 2589 623 2653 δ’
646 2592 732 2674 έδρας
754 2595 845 2653 ποιεῖν
868 2595 920 2675 τῆς
943 2593 1050 2675 βουλῆς
1074 2590 1147 2656 κατὰ
1170 2590 1365 2673 πενθήμερον,
1393 2589 1444 2652 ἐδιν
1469 2592 1511 2674 μὴ

250 2693 372 2757 δέωνται
402 2695 552 2757 πλείονων.
598 2698 724 2779 κληροῦν
754 2696 786 2757 δὲ
813 2696 864 2778 τήν
893 2697 999 2778 βουλὴν
1028 2696 1095 2765 τοῦς
1122 2695 1205 2758 ἐννέα
1227 2693 1381 2779 ἄρχοντας,
1404 2693 1455 2762 τὰς
1480 2696 1513 2757 δὲ

250 2797 430 2882 χειροτονίας
452 2799 557 2882 κρίνειν
581 2798 665 2862 πέντε
689 2800 755 2867 τοὺς
779 2798 923 2884 λαχόντας
946 2798 979 2862 ἐκ
1002 2804 1055 2883 τῆς
1078 2801 1196 2885 βουλῆς,
1219 2799 1267 2861 καὶ
1283 2798 1316 2861 ἐκ
1333 2797 1442 2862 τούτων
1459 2799 1512 2862 ἕνα

248 2906 429 2989 κληροῦσθαι
460 2901 675 2990 καθ’ἑκάστην
703 2905 813 2990 ἡμέραν
841 2907 890 2968 τὸν
918 2907 1140 2991 ἐπιψηφιοῦντα.
1229 2909 1353 2989 κληροῦν
1382 2906 1414 2968 δὲ
1441 2902 1511 2971 τοὺς
1550 2911 1566 2966 ύ

195 3027 228 3076 25
247 3010 393 3092 λαχόντας
420 3009 504 3072 πέντε
531 3009 598 3078 τοὺς
624 3009 780 3078 ἐθέλοντας
807 3011 980 3093 προσελθεῖν
1009 3011 1133 3074 ἐναντίον
1161 3015 1213 3094 τῆς
1240 3011 1357 3094 βουλῆς,
1391 3013 1509 3091 πρῶτον

249 3115 300 3193 μὲν
324 3116 421 3198 ἱερῶν,
444 3115 579 3199 δεύτερον
602 3116 634 3177 δὲ
657 3115 782 3199 κήρυξιν,
807 3115 899 3198 τρίτον
914 3115 1090 3200 πρεσβείαις,
1113 3115 1248 3198 τέταρτον
1264 3119 1322 3176 τῶν
1337 3112 1449 3176 ἀλλων·
1474 3111 1511 3174 τά

247 3219 280 3280 δὲ
306 3223 357 3281 τοῦ
385 3218 513 3297 πολέμου
542 3218 610 3281 όταν
638 3218 692 3301 δέη
720 3219 868 3301 ἀκληρωτὶ
891 3217 1125 3299 προσαγαγόντας
1147 3218 1214 3286 τοῦς
1237 3218 1414 3301 στρατηγοὺς
1437 3239 1511 3300 χρη·

248 3322 428 3404 ματίξεσθαι.
516 3322 564 3384 τὸν
587 3323 619 3384 δὲ
643 3322 683 3405 μὴ
709 3320 788 3383 ἰόντα
811 3322 853 3389 εἰς
875 3322 907 3382 τδ
931 3320 1136 3405 βουλευτήριον
1159 3324 1217 3382 τῶν
1241 3320 1439 3406 βουλευόντων
1456 3320 1509 3402 τὴν
1548 3327 1565 3381 6

192 3479 194 3483 ,
247 3424 324 3507 ὥραν
357 3426 410 3508 τήν
439 3426 654 3508 προρρηθεῖσαν
683 3424 808 3508 ὀφείλειν
836 3425 971 3507 δραχμὴν
999 3429 1051 3507 τής
1079 3423 1192 3508 ἡμέρας
1219 3424 1352 3507 ἑκάστης,
1387 3421 1438 3484 ἐὰν
1466 3424 1508 3506 μὴ

192 3546 226 3596 30
245 3530 450 3612 εὑρισκόμενος
473 3528 575 3613 ἀρεσιν
598 3534 649 3611 τῆς
673 3529 780 3612 βουλῆς
803 3528 877 3611 ἀπή.
904 3524 908 3612 i

192 3641 193 3645 ’
320 3634 434 3698 XXXI.
458 3634 564 3718 ταύτην
600 3634 651 3714 μὲν
686 3630 735 3696 οῦν
770 3634 810 3701 εἱς
844 3633 892 3694 τὸν
921 3631 1062 3714 μέλλοντα
1090 3629 1195 3716 χρόνον
1219 3629 1382 3714 ἀνέγραψαν
1412 3630 1464 3713 τὴν
1487 3653 1513 3704 p.
1531 3637 1564 3690 13

245 3739 400 3821 πολιτείαν,
423 3738 453 3800 ἐν
477 3739 509 3800 δὲ
531 3742 574 3822 τῷ
597 3736 716 3822 παρόντι
738 3742 832 3822 καιρῷ
854 3738 955 3820 τήνδε·
980 3735 1127 3820 βουλεύειν
1149 3736 1200 3819 μὲν
1217 3734 1418 3819 τετρακοσίους
1432 3734 1509 3797 κατὰ

190 3986 206 4039 7
225 3983 290 4055 θεῷ]
311 3986 425 4055 vestigia
447 3985 552 4037 litterae
575 3983 669 4035 tertiae
689 3980 776 4039 ω’νοὶ
797 3999 813 4032 α
832 3996 915 4047 aeque
935 3983 999 4048 apta
1017 3984 1080 4031 sunt
1225 3978 1255 4030 12
1274 3977 1316 4046 ἂν]
1336 3995 1379 4030 ταν
1398 3975 1418 4029 L

192 4076 223 4128 17
243 4075 366 4128 δουλευειν
385 4075 405 4127 L
513 4070 688 4142 βουλεύεσθαι]
707 4072 745 4123 ita
764 4070 781 4122 S
801 4067 940 4138 (βουλεύειν
954 4084 1003 4136 ego
1017 4070 1118 4130 antea);
1137 4067 1206 4131 (τοὺς
1225 4064 1357 4136 λαχόντας.
1387 4063 1563 4135 βουλεύεσθαι)

188 4164 230 4230 Bi,
253 4164 322 4228 (τοὺς
345 4161 477 4231 λαχόντας.
508 4163 637 4232 πράττειν)
660 4160 739 4223 K·W‚
764 4158 816 4210 alia
839 4158 884 4210 aiii
1039 4157 1069 4209 18
1093 4172 1149 4208 σωα
1167 4156 1187 4207 L
1330 4154 1492 4208 αναλισκεταῑ
1515 4155 1562 4222 L‘,

189 4270 255 4306 corr.
274 4253 305 4304 L¹
452 4252 483 4305 19
503 4249 563 4316 κάν]
586 4269 628 4302 ταν
652 4249 682 4316 L,
709 4248 752 4300 ἐὰν
776 4247 801 4298 δὲ
824 4246 849 4298 J.
864 4247 894 4298 Β.
907 4247 1007 4312 Mayor,
1034 4245 1067 4297 al.
1210 4243 1244 4296 20
1272 4241 1449 4313 επεισεκλητυν
1469 4242 1516 4308 L',
1543 4263 1561 4295 κ

189 4342 301 4394 alterum
321 4356 402 4409 super
420 4340 452 4393 κλ
471 4356 520 4392 scr.
540 4340 571 4390 L¹
714 4337 744 4388 21
767 4338 830 4399 κ(αι)
851 4335 894 4399 L*,
914 4337 1000 4399 κ(ατα)
1020 4334 1052 4386 Ιιῑ
1199 4332 1386 4402 πινθημιμιρον
1404 4330 1425 4384 L

188 4429 223 4484 25
248 4437 309 4498 post
332 4428 433 4500 βουλης,
463 4427 554 4498 βυυλας
577 4427 603 4479 δε
628 4443 729 4497 ποιησαι
754 4443 873 4494 τετταρας
897 4428 921 4488 (e
942 4424 1016 4486 1.13)
1040 4423 1164 4490 repetivit
1187 4423 1233 4488 δ”,
1257 4438 1322 4475 corr.
1346 4423 1417 4474 inter
1439 4421 1561 4473 scriben-

188 4520 248 4570 dum
268 4518 300 4570 L¹
444 4517 476 4570 26
501 4517 627 4586 πρεσβειαι
650 4517 670 4569 L
813 4513 846 4565 29
870 4511 1037 4582 πρυρηθεισαν
1062 4512 1082 4564 L
1228 4511 1260 4564 31
1287 4511 1329 4563 hic
1352 4510 1448 4577 incipit
1471 4509 1562 4563 scriba

187 4607 255 4660 alter
274 4607 329 4673 (Li)
424 4625 444 4663 ις
462 4624 491 4659 το
510 4605 554 4673 L*‚
573 4621 638 4659 corr.
658 4603 692 4656 L⁴
786 4603 927 4673 ανιγραψαν
948 4603 988 4654 bis
1008 4617 1057 4654 ser.
1077 4599 1123 4664 L',
1143 4615 1199 4653 corr
1218 4599 1265 4652 Li?
1359 4596 1392 4650 32
1411 4596 1560 4650 πολιτιανθ

209 4742 315 4748 0...—
331 4741 592 4748 ----—

275 4817 290 4869 8
316 4818 442 4885 Harpocr.
457 4835 478 4870 υ.
490 4835 515 4870 ν.
539 4813 749 4885 Ἑλληνοταμὶαιι
854 4809 892 4864 ότι
911 4811 976 4883 ἀρχή
996 4776 1032 4868 τις
1051 4810 1082 4881 ήν
1102 4810 1126 4863 υἱ
1140 4805 1348 4878 Ἑλληνοταμίαι,
1371 4806 1396 4859 οἳ
1412 4806 1559 4880 διεχείριζεν

185 4908 218 4958 τὰ
229 4906 356 4979 χρήματα,
376 4907 419 4959 καὶ
428 4901 606 4976 Ἀριστοτέλης
620 4901 695 4973 δηλοῖ
712 4901 738 4953 ἱν
751 4903 784 4973 τή
793 4895 942 4970 Ἀθηναίων
956 4898 1069 4970 πολιτείᾳ
1083 4936 1090 4950 .
1104 4935 1132 4950 ..
1151 4897 1303 4964 (Epitomen
1317 4911 1401 4948 οπεος.
1415 4893 1559 4961 Suidasss).

274 4995 305 5048 21
344 4994 460 5063 Hesych.
480 4991 560 5065 ἱδραιι
585 4991 655 5063 ἱδραι
674 4988 775 5061 βουλῆς,
794 4989 821 5042 αἱ
838 4987 949 5059 ἐγίνοντο
968 4988 1035 5040 κατὰ
1053 4985 1234 5056 πενταήμτρυν.
