3496 5610
413 316 634 370 ARISTOTELIS
655 318 717 370 RES
738 318 884 372 PUBLIGA
907 319 1167 374 ATHENIENSIUM
1185 321 1219 373 LI
1233 321 1359 375 2-L111
1528 325 1569 389 55

256 489 352 572 ραιέα·
379 493 426 553 καὶ
449 490 529 554 οῦτοι
545 495 602 553 τῶν
623 490 735 576 μέτρων
752 493 800 554 καί
821 497 879 555 τῶν
895 495 1035 576 σταθμῶν
1051 493 1255 576 ἐπιμελοῦνται
1270 497 1396 571 πάντων,
1420 495 1499 564 ὅπως
1511 504 1570 571 μέίῖ

257 597 283 658 οἱ
306 598 473 664 πιυλοῦντες
494 596 656 679 χρήσονται
678 596 807 664 δικαίοις.

340 697 416 782 ἦσαν
445 701 477 763 δὲ
504 701 551 762 καί
578 700 817 783 σιτοφύλακες
845 703 989 785 κληρωτοί
1017 700 1073 786 (ἶ),
1109 702 1194 764 πέντε
1221 705 1273 784 μὲν
1301 705 1342 773 είς
1367 703 1515 789 Πειραιέα,
1553 716 1569 771 3

255 803 340 867 πέντε
362 803 382 866 δ’
405 805 445 873 είς
468 803 550 877 άστυ,
573 807 622 867 νῦν
646 798 669 866 δ’
688 803 780 868 εἴκοσι
805 806 856 888 μὲν
880 807 921 873 είς
936 805 1020 887 ἄστυ,
1044 807 1251 871 πεντεκαίδεκα
1266 804 1287 871 δ1
1309 810 1351 876 είς
1368 808 1514 892 Πειραιέα.

219 908 333 977 τοῦτον
366 907 387 970 δ’
414 909 616 990 ἐπιμελοῦνται
650 915 765 992 πρῶτον
800 911 852 992 μὲν
880 909 961 979 ὅπως
989 912 1004 974 ύ
1033 912 1062 973 ἐν
1091 911 1183 996 ἀγορηϊ
1212 915 1290 981 σῖτος
1317 914 1403 995 ἀργὸς
1431 913 1517 982 ὤνιος

254 1011 335 1076 ἔσται
358 1013 485 1091 δικαίως,
509 1011 600 1076 ἔπειθ’
622 1011 702 1082 ὅπως
725 1015 759 1077 οί
774 1038 806 1076 τε
830 1015 980 1099 μυλωδρυὶ
1003 1016 1074 1097 πρδς
1096 1016 1148 1084 τάς
1170 1015 1255 1098 τιμᾶς
1278 1020 1335 1079 τῶν
1353 1019 1463 1100 κριθῶν
1480 1018 1516 1080 τὰ

254 1116 360 1200 ἄλφιτα
394 1119 580 1201 πωλήσουσιν
613 1119 661 1180 καί
695 1119 722 1180 οί
750 1119 918 1202 ἀρτοπῶλαι
946 1121 1017 1202 πρὸς
1044 1121 1096 1186 τάς
1122 1120 1208 1203 τιμάς
1235 1125 1293 1183 τῶν
1320 1126 1419 1204 πυρῶν
1447 1122 1514 1191 τοὺς

253 1222 358 1305 ἄρτους
391 1222 439 1285 καί
472 1223 521 1285 τδν
556 1222 686 1305 σταθμὸν
721 1221 843 1305 ἄγοντας
872 1222 939 1286 ὅσον
967 1222 1001 1285 ἀν
1030 1221 1109 1286 οῦτοι
1137 1224 1275 1294 τάξωσιν·
1310 1224 1402 1308 ύγάρ
1427 1226 1515 1308 νόμος

254 1327 372 1394 τούτους
394 1327 507 1389 κελεύει
529 1329 650 1390 τάττειν.

205 1453 233 1498 ιο
338 1429 507 1512 ἐμπορίου
531 1430 556 1492 δ’
575 1430 794 1513 ἐπιμελητάς
816 1432 887 1496 δέκα
909 1434 1080 1516 κληροῦσιν·
1115 1433 1228 1501 τούτοις
1250 1434 1283 1496 δέ
1305 1433 1515 1518 προστέτακται
1551 1443 1568 1498 4

252 1540 310 1596 τῶν
344 1529 365 1595 τ’
396 1533 544 1616 ἐμπορίων
577 1534 790 1614 ἐπιμελεῖσθαι,
824 1537 872 1598 καὶ
905 1540 956 1599 τοῦ
989 1536 1069 1599 σίτου
1097 1541 1148 1599 τοῦ
1175 1537 1387 1605 καταπλέοντος
1412 1539 1453 1607 είς
1480 1540 1513 1601 τὸ

252 1638 359 1702 σιτικὸν
382 1635 520 1721 ἐμπόριον
541 1637 577 1699 τά
592 1638 644 1700 δύο
661 1638 734 1722 μέρη
750 1639 816 1709 τούς
833 1639 979 1724 ἐμπύρους
994 1641 1164 1722 ἀναγκάζειν
1181 1642 1222 1710 είς
1237 1643 1270 1704 τδ
1286 1640 1358 1704 ἄστυ
1374 1642 1512 1725 κομίζειν.

337 1741 400 1804 LII.
428 1739 613 1824 καῦ[ισ]τᾶσι
641 1743 673 1804 δὲ
700 1743 747 1805 καὶ
775 1743 842 1811 τούς
869 1742 996 1806 ἐνδεκα
1024 1743 1125 1827 κληριμ
1153 1746 1220 1814 τοὺς
1247 1744 1513 1829 ἐπιμελησομένους
1554 1754 1565 1811 l

252 1849 310 1908 τῶν
332 1845 362 1907 έν
385 1849 427 1929 τῷ
451 1843 685 1929 δεσμωτηρ[ι’]ιμ,
710 1847 757 1909 καὶ
780 1846 847 1915 τοῦς
869 1846 1072 1928 ἀπαγομένους
1088 1847 1210 1917 κλέπτας
1227 1849 1273 1911 καί
1289 1847 1355 1916 τοῦς
1372 1849 1514 1933 ἀνδραπο-

199 2092 378 2160 λγρησωνται
397 2091 426 2156 L,
446 2105 511 2142 corr.
531 2090 698 2156 Rutherford,
717 2091 750 2142 αλ.
893 2090 1023 2144 3ῖαιίιί.
1044 2092 1124 2158 K-W,
1144 2109 1176 2144 ex
1197 2094 1276 2160 Ιίατρ.
1409 2094 1440 2144 12
1460 2092 1565 2160 σιτικὸν]
1639 2084 1643 2090 ’

199 2177 299 2229 ἄστικόν
322 2179 385 2232 Lex.
410 2179 491 2232 Bekk.
512 2181 605 2248 quint,
633 2180 713 2247 Πετγν.
742 2181 777 2243 (v.
802 2181 921 2244 ἑτοίμα),
951 2178 1072 2233 Ἀττικὸν
1101 2182 1181 2250 Ηυιρ.
1209 2182 1290 2246 (MSS.
1320 2181 1467 2250 nonnulla),
1494 2183 1565 2251 quod

200 2270 290 2334 recipit
308 2268 334 2320 S.

282 2496 298 2546 3
320 2496 443 2564 Πυτροει.
456 2514 478 2548 ο.
493 2514 514 2549 ν.
534 2496 709 2566 σιτοφύλακεςι
730 2533 778 2548 ..,
798 2498 865 2569 ἀρχή
885 2516 922 2554 τις
938 2494 1125 2568 ἠνἈίίηνησιν
1144 2498 1199 2566 ἥτις
1217 2496 1361 2566 ἐπεμελεῖτο
1376 2496 1446 2557 ὅπως
1465 2497 1479 2550 δ
1498 2507 1564 2558 σῖτος

197 2581 298 2642 δικαίως
317 2584 481 2655 πραδησεται,
500 2588 543 2638 καί
561 2587 592 2638 τᾶ
612 2585 704 2656 ἄλφιτα
723 2585 767 2638 καὶ
786 2586 809 2637 οί
828 2586 907 2656 ἄρτοι.
938 2587 1001 2656 ν’,σαν
1015 2586 1041 2638 δέ
1054 2587 1098 2638 τὸν
1112 2584 1217 2656 ἀριθμὸν
1236 2589 1261 2638 ιῖ
1276 2587 1312 2649 (id
1328 2594 1369 2639 est
1382 2591 1406 2645 ἶ,
1425 2587 1453 2650 “ε)
1474 2587 1519 2655 μὲν
1539 2589 1564 2639 ἐν

196 2670 270 2735 ἄστει,
290 2674 363 2724 πέντε
382 2671 403 2726 δ’
421 2676 446 2727 ἐν
467 2672 584 2746 Πειραιεῖ,
608 2674 643 2732 ὡς
659 2670 836 2745 ’λριστοτὲλης
859 2677 885 2727 ἐν
905 2670 1051 2744 Ἀθηναίων
1068 2674 1186 2744 πολιτείᾳ.
1226 2675 1347 2741 Βμὶίυωο
1370 2677 1463 2736 (exser.
1478 2676 1563 2738 Suid.)

195 2759 368 2826 σιτοφύλακεςε
388 2763 454 2833 ἀρχή
473 2782 510 2820 τις
528 2759 717 2832 ἡνίλδηνησιν,
737 2762 791 2832 ἠτις
809 2761 954 2830 ἐπεμελεῖτο
974 2760 1043 2819 ὅπως
1061 2761 1075 2814 δ
1094 2770 1161 2819 σῖτος
1179 2762 1283 2819 δικαίως
1296 2761 1451 2832 πραθήσεται
1471 2764 1514 2815 καί
1532 2765 1564 2817 τᾶ

195 2846 286 2916 ἄλφιτα
304 2850 346 2901 καί
366 2851 389 2903 οἰ
408 2852 485 2920 ἄρτοι.
522 2851 585 2921 κ’γσαν
605 2849 631 2902 δὲ
654 2850 698 2902 τδν
718 2850 923 2921 ἀριθμδνῖεμέν
949 2851 973 2902 ἐν
994 2851 1070 2914 ἄστει,
1093 2846 1150 2902 ἰδ’
1172 2850 1197 2901 ἐν
1218 2847 1334 2920 Πειραιεῖ.
1374 2851 1483 2904 Photius
1502 2869 1560 2904 culn

195 2939 309 3002 ερίίοιυα
323 2955 405 3005 usque
425 2940 456 2991 ad
471 2938 576 3009 ἀριθμὸν
596 2940 674 3006 plane
688 2941 818 3007 congruit,
838 2940 932 2992 deinde
945 2941 983 2991 ita
997 2941 1095 3006 pergit:
1115 2937 1192 2990 πάλαι
1205 2939 1250 3005 μὲν
1263 2937 1441 2990 πεντεκαίδεκα
1454 2939 1479 2991 ἐν
1494 2940 1562 2992 ἄστει

193 3025 265 3076 πέντε
278 3025 304 3076 δέ
318 3025 344 3076 ἐν
359 3021 476 3096 Πειραιεῖ,
495 3025 597 3097 ὕστερον
615 3013 632 3078 λ
648 3027 693 3095 μέν
714 3030 739 3080 ἐν
758 3028 835 3095 ἄστει,
855 3035 866 3079 ἰ
885 3027 910 3080 δέ
925 3028 950 3079 ἐν
965 3023 1081 3095 Πειραιεῖ.
1102 3054 1135 3062 -
1156 3025 1217 3077 Lex.
1232 3026 1312 3078 Bekk.
1328 3028 1447 3093 quintum
1467 3028 1561 3092 (Βελλ.

195 3115 242 3164 λυ.
262 3113 371 3180 300,19)
389 3114 570 3184 σιτοφύλακεςι
590 3116 710 3188 ἄρχοντες
725 3112 851 3187 Ἀθήνησι
870 3114 1007 3185 κληρωτοί,
1045 3113 1115 3166 οῦτοι
1134 3110 1153 3166 δ’
1175 3112 1351 3181 ἐπεμελοῦντο,
1374 3113 1443 3173 ὅπως
1462 3115 1476 3168 δ
1495 3125 1562 3174 σῖτος

192 3200 295 3258 δικαίως
313 3201 468 3273 πραίίίγσεται
487 3205 530 3255 καί
549 3204 579 3254 τᾶ
599 3203 690 3272 ἄλφιτα
709 3208 753 3255 καί
772 3205 795 3256 υί
815 3204 885 3272 ἄρτοι
908 3204 974 3256 κατᾶ
998 3204 1042 3260 τᾶς
1062 3202 1201 3271 ὡρισμένας
1224 3204 1296 3269 τιμᾶς
1316 3206 1358 3254 καί
1377 3203 1420 3255 τὸν
1439 3204 1560 3272 σταθμόν.

282 3290 314 3341 10
334 3291 457 3358 Πατμυτι.
477 3309 497 3343 s.
512 3308 534 3341 ν.
559 3290 711 3360 ἐπιμελητὴς
734 3291 866 3362 ἐμπορίου;
1000 3286 1184 3359 ’.λριστοτέλης
1205 3286 1344 3360 “ἐμπορίου
1369 3290 1391 3342 δ’
1410 3290 1561 3360 ἐπιμελητὰς

191 3378 250 3430 δέκα
274 3378 418 3448 κληροῦσιν,
446 3378 542 3436 τούτοις
565 3379 591 3431 δέ
615 3380 797 3449 προστέτακται
820 3386 871 3432 τιῖνν
895 3398 922 3432 τε
945 3379 1073 3448 ἐμπορίων
1096 3377 1265 3446 ἐπιμελεῖσθαι
1289 3381 1332 3430 καί
1353 3384 1399 3432 τοῦ
1422 3379 1491 3432 σίτου
1515 3386 1560 3433 τοῦ

190 3466 375 3524 καταπλέοντος
399 3467 432 3524 είς
455 3467 483 3519 τὸ
507 3467 610 3519 ἀστικὸν
634 3467 752 3537 ἐμπόριον
775 3469 806 3520 τά
830 3468 873 3520 δύο
898 3468 961 3540 μέρη
985 3471 1043 3526 τοὺς
1067 3467 1192 3539 ἐμπύρους
1219 3467 1367 3536 ἀναγκάζειν
1389 3469 1423 3525 είς
1447 3468 1475 3520 τὸ
1498 3469 1560 3522 ἄστυ

190 3553 330 3621 κομίζειν.”
365 3556 513 3623 (Epitomen
533 3572 616 3609 exscr.
637 3556 732 3608 Suidas
752 3561 777 3608 et
796 3555 839 3624 [ex
858 3557 965 3621 Photio]
992 3557 1029 3607 Et.
1055 3557 1172 3623 genuin„
1197 3556 1267 3607 unde
1291 3556 1386 3624 Symeo
1411 3562 1436 3608 et
1461 3558 1500 3609 Et.
1526 3559 1559 3610 M.

191 3642 286 3706 36:²5).
308 3672 340 3679 —-
361 3643 423 3695 Lex.
443 3644 523 3696 Βελλ.
543 3646 664 3712 quintum
684 3644 738 3710 (BA
753 3644 861 3708 25522)
883 3643 1042 3716 ἐπιμεληταίι
1063 3644 1182 3714 ἐμπορίου
1202 3643 1321 3715 ἄρχοντες
1340 3644 1403 3714 ἦσαν
1421 3643 1559 3713 κληρωτοί,

189 3729 249 3782 δέκα
268 3730 311 3782 τδν
330 3731 436 3799 ἀριθμὸν
455 3733 562 3784 ἑκάστου
582 3732 713 3794 (ἑκάστους
733 3732 790 3783 cod.
810 3748 875 3784 corr.
890 3732 1011 3790 Bekker.)
1031 3731 1101 3789 ἔτους
1114 3730 1302 3799 καθιστάμενοι,
1322 3732 1357 3789 οίς
1375 3734 1559 3802 προσετέτακτο

189 3825 240 3870 τῶν
259 3818 387 3887 ἐμπορίων
407 3818 573 3889 ἐπιμελεῖσθαι
593 3821 635 3871 καί
654 3824 699 3872 τοῦ
718 3821 786 3872 σίτου
809 3823 864 3883 (τοῦ
884 3821 942 3872 add.
962 3820 1057 3882 Βελλ.)
1081 3818 1268 3877 καταπλέοντος
1291 3821 1326 3878 είς
1344 3820 1373 3872 τδ
1392 3821 1510 3891 ἐμπίριον
1529 3822 1558 3873 τύ

188 3907 291 3960 ἀστικὸν
310 3909 341 3959 τέ
361 3908 405 3959 δύο
419 3909 481 3978 μέρη
495 3910 552 3966 τοὺς
564 3909 690 3979 ἐμπύρους
702 3908 851 3977 ἀναγκάζειν
870 3909 915 3972 (είς
927 3907 956 3960 τὸ
970 3908 1031 3960 ἄστυ
1046 3908 1176 3974 κομίζειν),
1204 3908 1316 3961 Eandem
1332 3909 1446 3975 glossam
1460 3910 1558 3962 habent

189 3996 262 4048 Suid.
282 4012 302 4047 s.
318 4013 340 4047 v.
361 3995 536 4066 ε’πιμεληταίλῐ
555 4020 587 4040 --
612 3999 656 4062 [ex
677 3998 764 4061 phot]
789 3998 829 4048 Et.
853 3999 960 4064 genuin.
986 3995 1080 4064 [exscr.
1100 3997 1141 4048 Et.
1161 3998 1192 4048 Π.
1210 3997 1312 4063 36·2‚1]:
1442 3996 1513 4050 ἄλλοι
1531 3999 1557 4050 δέ

187 4083 299 4153 λέγουσιν
322 4082 359 4135 δτι
383 4085 502 4154 ἐμπορίου
526 4086 645 4157 ἄρχοντές
668 4086 714 4137 είσι
732 4084 861 4155 κληρωτοί
885 4087 993 4137 ἑκάστου
1017 4084 1088 4141 ἐτυυς
1110 4084 1290 4152 καθιστάμενοι
1314 4085 1349 4142 οίς
1373 4087 1557 4156 προσετέτακτο

188 4170 357 4239 ἐπιμελεῖσθαι
379 4176 423 4224 τοῦ
447 4171 633 4230 καταπλέοντος
656 4176 724 4225 σίτου
748 4175 783 4231 είς
805 4173 834 4226 τὸ
853 4172 972 4245 ἐμπόριον
995 4173 1024 4224 τὸ
1043 4170 1160 4225 ’.λττικὸν
1185 4172 1260 4238 (sicl)
1284 4175 1328 4225 καί
1351 4176 1409 4233 τοῦς
1433 4176 1558 4244 ἐμπόρους

188 4261 335 4328 ἀναγκάζειν
355 4261 389 4318 είς
407 4261 435 4311 τὸ
455 4261 516 4313 ἄστυ
536 4262 653 4329 κομίζειν.

279 4349 310 4400 13
331 4349 394 4401 Poll.
410 4349 469 4400 Vlll
486 4349 533 4401 102
555 4351 584 4400 de
598 4351 717 4402 undecim
731 4352 795 4403 viris
810 4351 958 4418 disputans:
983 4349 1151 4417 ἐπεμελοῦντο
1170 4349 1196 4402 δὲ
1209 4355 1261 4401 τῶν
1281 4351 1307 4401 ἐν
1326 4353 1362 4420 τῷ
1382 4350 1556 4422 δεσμωτηρίῳ,

188 4439 229 4489 καί
248 4439 344 4506 ἀπῆγον
364 4437 480 4500 κλέπτας,
505 4436 710 4507 ἀνδραποδισταῖς,
729 4437 884 4500 λωποδύτας,
909 4439 930 4489 τί
954 4439 999 4505 μὲν
1024 4435 1179 4505 ὁμολογοῖεν,
1203 4438 1401 4503 δανατώσοντες,
1425 4440 1446 4491 εί
1469 4440 1495 4491 δὲ
1519 4443 1555 4510 μὴ

188 4526 324 4585 είσάξοντες
338 4527 371 4583 είς
384 4528 415 4577 τᾶ
427 4527 582 4593 δικαστήρια,
596 4526 643 4577 κᾶν
657 4526 760 4591 ἁλῶσιν,
773 4527 969 4583 ἀποκτενοῦντες
989 4528 1083 4592 (exscr.
1096 4527 1178 4578 schol.
1193 4527 1278 4579 Clark.
1292 4528 1324 4577 αιί
1339 4527 1405 4578 Plat.
1420 4527 1554 4581 Phaedon.

187 4614 219 4666 59
231 4611 269 4677 E).
289 4645 322 4652 —-
341 4614 403 4666 Lex.
426 4614 507 4667 Βαλίε.
528 4617 611 4680 quint.
632 4615 688 4678 (Βλ
710 4615 798 4681 ἐύίλλ)
827 4615 917 4667 ἕνδεκα
935 4615 999 4672 τίνες
1019 4616 1076 4669 είσίε
1097 4614 1226 4684 κληρωτοὶ
1245 4615 1367 4685 ἄρχοντες
1385 4615 1448 4684 ᾖσαν
1468 4622 1493 4667 ἦ
1513 4618 1555 4668 τὸν

187 4701 302 4770 ἀριθμόν,
325 4705 501 4774 προϊστάμενοι
520 4706 566 4753 τοῦ
590 4701 772 4772 δεσμωτηρίου,
795 4705 837 4756 καί
859 4706 918 4760 τοὺς
937 4705 1133 4772 <άπ>αγομένους
1152 4704 1190 4755 ἐπί
1214 4703 1406 4772 κακουργήμασι
1428 4704 1555 4773 παρελάμ-

188 4790 260 4859 βανον
279 4789 389 4848 κλέπτας
408 4793 450 4842 καί
470 4789 664 4861 ἀνδραποδιστὰς
683 4792 726 4842 καί
745 4800 836 4861 φονεῖς.
874 4793 917 4843 καί
942 4795 1001 4849 τοῦς
1024 4798 1069 4859 μέν
1094 4791 1279 4860 ὁμολογοῦντας
1302 4792 1405 4861 δανᾶτιρ
1425 4793 1553 4861 ἐζημίουν,

187 4879 241 4936 τοὺς
261 4878 286 4929 δέ
306 4878 524 4948 α’πφισβητοῦντας
544 4880 643 4948 είσΐηγον
662 4881 697 4936 είς
717 4879 885 4949 δικαστήριον.
922 4881 1034 4933 Eandem
1050 4882 1137 4947 glossa
1151 4881 1249 4933 habent
1268 4891 1293 4933 et
1307 4881 1368 4933 Lex.
1383 4882 1465 4932 Patm.
1480 4900 1504 4950 μ.
1522 4884 1553 4935 13

187 4966 285 5019 ἐνδεκα;
311 4966 378 5037 ἀργή
399 4986 433 5025 τις
453 4967 585 5037 κλημωτίγ,
609 4967 776 5039 προϊσταμένη
796 4973 840 5020 τοῦ
860 4969 1032 5039 δεσμωτηρίου
1052 4972 1171 5027 καὶτοὺς
1190 4969 1363 5038 ἀπαγομένους
1382 4969 1422 5021 ἐπὶ
1441 4988 1552 5042 κακουρ·
