3510 5610
239 345 266 380 vr
824 324 1019 378 PRAEFATIO

240 515 279 561 ae
300 516 382 580 soro,
410 497 436 561 si
460 516 620 581 umquam,
643 498 713 564 fore
735 506 769 562 ut
792 495 866 560 huic
888 494 1048 561 desiderio
1073 495 1251 561 satisfieret.
1298 494 1390 558 simul
1414 503 1534 579 tamen,
1562 516 1603 560 ue

240 616 331 680 istius
353 615 456 680 nuntii
484 616 644 681 tristitiam
678 616 773 680 nimis
796 635 892 698 aegre
919 613 1050 698 ferrem,
1078 614 1196 678 eximia
1218 614 1445 680 benevolentia
1468 634 1603 698 apogra-

241 733 339 817 phum
362 735 432 798 Tun
455 754 551 799 mauu
574 734 752 801 confectum
776 736 809 799 in
832 754 937 799 meum
961 754 1051 797 usum
1080 732 1274 798 commisisti.
1320 741 1488 816 acceptum
1515 734 1603 797 volu·

241 873 315 918 men
337 859 487 934 tractare,
511 861 696 929 retractare,
719 853 902 936 emendare,
926 854 1077 938 supplere
1099 872 1170 917 meo
1194 857 1296 915 marte
1316 851 1419 935 coepi,
1442 851 1496 933 qui
1512 851 1603 917 labor

241 972 300 1037 etsi
324 969 530 1035 difficillimus
552 980 631 1054 erat,
659 979 766 1036 tamen
795 992 857 1053 quo
884 971 988 1053 magis
1014 971 1111 1035 minui
1133 970 1282 1035 videbam
1309 968 1521 1036 fenestrarum
1548 990 1604 1035 uu-

242 1109 374 1172 merum,
386 1109 425 1154 eo
442 1089 544 1153 maior
556 1097 626 1155 erat
640 1091 673 1154 in
689 1090 758 1155 dies
774 1110 849 1172 spes
865 1089 1051 1155 restituendi
1069 1089 1186 1154 omnia.
1217 1090 1274 1155 sed
1290 1111 1331 1156 ne
1347 1091 1434 1155 solus
1451 1089 1603 1155 thesauro

242 1208 395 1274 incubare
428 1207 555 1273 viderer
582 1215 617 1273 ut
644 1228 771 1290 avarus,
804 1208 868 1272 iam
896 1208 929 1271 in
963 1208 1120 1294 publicum
1153 1208 1269 1273 edendi
1303 1208 1472 1273 eonsilium
1499 1214 1604 1272 ortum

243 1333 301 1390 cst.
346 1326 432 1408 quod
458 1345 529 1390 cum
553 1327 601 1391 Tu
624 1325 795 1408 probasses
817 1326 1061 1410 adiutoremque
1085 1325 1191 1409 operis
1218 1327 1265 1390 'Fu
1292 1326 1472 1406 obtulisses,
1507 1327 1603 1393 venia

242 1445 284 1509 ab
312 1447 349 1510 Ε.
369 1446 510 1510 Mnuuou
532 1447 720 1527 Tnoursou,
744 1466 867 1511 summo
890 1445 1107 1511 bibliothecae
1130 1444 1302 1531 praefecto,
1326 1445 1395 1510 viro
1417 1446 1603 1512 doctissimo

243 1571 274 1630 et
290 1564 532 1647 humanissimo,
554 1565 650 1629 facile
665 1564 838 1647 impetrata
860 1565 1040 1629 institutum
1057 1585 1136 1648 opus
1158 1564 1221 1628 iam
1237 1563 1390 1629 intentius
1413 1587 1604 1648 promovere

243 1684 351 1765 coepi,
386 1689 418 1747 et
451 1683 536 1765 quod
570 1681 720 1764 privatim
754 1682 854 1767 primo
888 1703 1108 1768 susceperam,
1147 1682 1211 1746 iam
1244 1682 1441 1748 Academiae
1473 1693 1604 1751 nostrae

242 1802 434 1868 auctoritate
468 1802 672 1885 promulgare
699 1802 801 1866 visum
835 1810 898 1883 est,
933 1802 1022 1866 cuius
1051 1801 1282 1884 Supplemento
1306 1802 1510 1868 Aristotelico
1538 1810 1604 1868 tam

241 1921 366 2003 insigne
388 1928 629 1986 monumentum
653 1920 766 1985 deesse
789 1919 839 1985 fas
861 1941 927 1984 non
950 1926 1030 1985 erat.

326 2040 457 2106 Interim
474 2040 521 2104 Tu
536 2045 679 2104 nostram
702 2040 766 2103 iam
790 2047 953 2121 tamquam
970 2040 1065 2103 Turn
1081 2058 1148 2104 rem
1170 2058 1293 2123 gerere,
1317 2059 1477 2125 papyrum
1502 2061 1605 2125 paene

241 2158 372 2223 cottidie
399 2164 559 2241 excutere,
583 2165 710 2221 nostras
737 2158 939 2223 coniecturas
966 2157 1116 2238 religiose
1143 2157 1290 2224 conferre
1317 2181 1388 2223 cum
1416 2159 1603 2242 exemplari,

240 2279 308 2342 'l'un
325 2277 461 2341 invicem
481 2277 708 2361 supplementa
728 2276 853 2341 mittere
870 2284 902 2341 et
921 2283 1016 2341 acute
1035 2277 1219 2358 excogitata
1237 2285 1269 2343 et
1293 2298 1402 2342 eoram
1424 2279 1495 2362 ipso
1521 2286 1603 2344 teste

240 2395 387 2479 probata.
432 2394 478 2458 sic
505 2394 564 2458 etsi
593 2397 720 2460 aemulo
748 2394 803 2459 illo
838 2395 944 2460 studio
968 2394 1059 2458 labor
1082 2395 1301 2461 incredibilem
1326 2396 1358 2460 in
1382 2396 1511 2461 modum
1534 2416 1605 2479 pro

241 2513 387 2596 cedebat,
408 2520 516 2579 tamen
533 2514 717 2578 amicissimi
739 2513 876 2578 hominis
892 2514 1049 2597 patientia
1065 2521 1097 2579 et
1112 2514 1340 2580 benevolentia
1355 2514 1444 2580 abuti
1460 2514 1604 2597 videbar,

240 2640 265 2699 si
281 2634 400 2698 diutius
416 2634 494 2698 lius
510 2634 611 2698 oeulis
629 2633 740 2698 videre
764 2652 941 2716 pergerem.
977 2653 1053 2714 ergo
1071 2641 1239 2717 postquam
1262 2654 1345 2717 quae
1361 2656 1401 2700 ex
1424 2636 1607 2725 supplenda

239 2754 343 2818 altera
375 2751 548 2816 voluminis
581 2759 672 2834 parte
706 2752 846 2817 subnata
873 2758 966 2815 erant
994 2752 1101 2816 studia
1127 2752 1345 2818 Erasistratea
1372 2761 1404 2818 et
1433 2752 1606 2819 Stratouea

240 2871 364 2936 absolvi
374 2871 394 2954 ¹,
417 2870 600 2935 Londinum
623 2872 701 2954 petii
723 2891 762 2936 ac
787 2891 842 2956 per
864 2891 1007 2935 mensem
1030 2871 1161 2936 insolita
1183 2871 1265 2937 caeli
1281 2872 1457 2939 serenitate
1476 2875 1606 2939 adiutus

241 2996 342 3054 totam
366 3009 524 3073 papyrum
548 2990 691 3055 studiose
713 2988 907 3072 perlustravi
930 2997 962 3053 et
990 2989 1022 3053 iu
1050 2990 1118 3055 eius
1145 2999 1319 3075 conspectu
1345 2993 1496 3076 supplere
1522 3013 1606 3076 quae

242 3109 375 3174 hiabant
401 3109 519 3173 studui.
568 3128 642 3172 nam
673 3108 718 3172 sic
740 3107 936 3173 tenuissimis
963 3107 1141 3174 litterarum
1169 3108 1303 3192 umbris,
1337 3129 1421 3192 quae
1443 3111 1497 3175 vix
1520 3113 1604 3177 cerui

242 3228 359 3292 nerium
382 3227 520 3292 describi
543 3227 723 3292 accuratius
747 3227 881 3311 possint,
905 3227 946 3291 ad
971 3227 1170 3293 restituenda
1191 3227 1291 3293 verba
1314 3229 1358 3291 uti
1383 3229 1510 3295 licebat.
1555 3230 1606 3295 hic

243 3365 318 3410 vero
342 3344 441 3409 etiam
464 3345 591 3428 plenius
612 3346 658 3409 Tu
681 3345 877 3428 allmirabar,
899 3354 1054 3428 ‹puarrtum
1078 3347 1178 3410 oculis
1201 3347 1329 3411 valeres
1351 3367 1390 3411 ac
1413 3349 1528 3412 mentis
1551 3349 1607 3412 illa

243 3463 451 3547 divinatione,
480 3484 563 3548 quae
585 3464 756 3545 caliginem
779 3465 957 3548 scripturae
985 3475 1147 3549 tamquam
1171 3465 1242 3531 face
1264 3474 1435 3549 praetenta
1456 3467 1606 3533 illustrat.

243 3581 346 3645 sciant
361 3581 456 3665 enim,
480 3584 533 3665 qui
554 3583 632 3647 talia
647 3582 754 3646 studia
774 3604 839 3649 uon
860 3585 920 3669 ipsi
938 3585 1062 3668 experti
1078 3592 1161 3667 suut,
1185 3585 1323 3667 plurima
1339 3605 1422 3668 quae
1438 3605 1521 3649 uuuc
1537 3583 1606 3648 siue

243 3700 308 3762 ullo
332 3699 543 3764 dubitationis
565 3700 656 3782 signo
679 3702 713 3767 iu
736 3703 797 3768 bae
820 3702 962 3769 editione
986 3704 1148 3786 leguntur,
1183 3706 1281 3787 plane
1309 3703 1445 3768 obscura
1467 3711 1499 3769 et
1520 3705 1607 3768 iuer-

243 3818 408 3900 plicabilia
429 3817 538 3901 fuisse,
561 3820 664 3885 (lones
686 3823 847 3886 sententia
869 3822 954 3887 felici
979 3822 1162 3887 coniectura
1177 3823 1312 3888 iuventa
1326 3822 1420 3886 simul
1436 3822 1605 3887 lectionem

244 3936 394 4019 aperiret.
430 3956 505 4021 ergo
523 3938 643 4003 laboris
664 3938 852 4004 difficillima
869 3948 901 4005 et
923 3941 1177 4006 fructuosissima
1197 3962 1272 4024 pars
1293 3941 1487 4026 posteriores
1510 3943 1607 4026 plane

245 4058 345 4121 lateat
373 4076 505 4122 necesse
529 4065 590 4143 est;
628 4078 702 4122 nam
730 4059 890 4125 secundus
919 4062 1020 4126 lector
1046 4060 1200 4123 munitam
1230 4061 1466 4141 quodammodo
1494 4067 1527 4126 et
1555 4081 1606 4126 ex-

246 4176 387 4258 peditam
404 4178 488 4242 viam
505 4179 656 4244 inveniet.
704 4178 749 4242 sie
771 4178 868 4260 igitur
891 4198 951 4260 ego
974 4179 1088 4242 ductus
1115 4198 1136 4242 a
1162 4179 1208 4242 Tu
1237 4181 1353 4243 sensim
1378 4179 1606 4245 fallacissimae

245 4297 424 4378 scripturae
457 4298 656 4363 assuefactus
689 4298 772 4360 ultro
809 4297 923 4379 pedem
957 4296 1101 4379 proferre
1134 4318 1232 4362 ausus
1265 4318 1344 4361 sum.
1404 4318 1504 4379 (parare
1537 4299 1606 4362 Tun

246 4422 320 4478 suut
349 4415 462 4479 merito
495 4436 559 4479 nou
587 4418 690 4480 solum
719 4436 758 4481 ea
786 4435 869 4496 quae
897 4416 967 4497 ipse
997 4416 1194 4498 explicuisti,
1228 4417 1285 4481 sed
1316 4416 1413 4481 etiam
1444 4436 1528 4498 (puae
1555 4436 1607 4480 cx-

249 4532 370 4614 plicare
394 4555 445 4598 me
468 4535 613 4600 docuisti.

323 4825 328 4854 ¹
355 4813 421 4874 liber
445 4826 492 4874 (los
508 4826 691 4894 plrpsr'bolr'scbe
711 4827 805 4893 Systcor
825 4827 868 4875 des
888 4825 988 4877 Strutou
1008 4826 1262 4893 (Siizungsberiehtu
1286 4829 1331 4879 der
1350 4827 1415 4879 Bell.
1437 4828 1519 4879 ulad.
1542 4827 1607 4879 1893

248 4929 273 4980 p.
290 4911 446 4976 lul-1:²7).
