3510 5610
778 345 975 399 PRAEFATIO
1511 367 1558 401 xm

200 521 304 588 (partim
323 525 457 582 correcta),
481 535 558 588 porro
577 520 725 589 μεταβάλειν
744 520 833 572 XXIV
854 518 887 570 ⁸28
906 521 1079 583 (correctum),
1099 520 1212 586 donique
1231 520 1366 588 arriperes
1385 521 1504 573 XXXIV
1524 524 1556 573 tl

199 607 278 675 (quod
297 612 337 659 est
354 608 529 676 πεσσόμινον).
567 609 593 659 ln
613 625 627 678 p
645 608 702 658 soni
723 607 901 674 duplicatione
920 607 991 657 uolut
1016 608 1042 657 iu
1062 605 1179 677 ἀπορρεῖν
1198 607 1346 673 antiquitus
1369 608 1515 660 fluctuabat
1532 616 1559 661 et

200 695 378 760 pronuntiatio
397 699 424 747 et
442 694 636 762 orthographia.
673 695 733 745 hiuc
752 694 800 745 etsi
822 692 935 760 vulgaris
955 709 1010 743 mos
1029 694 1145 754 obtinet,
1165 695 1334 745 Inveniuntur
1353 701 1441 748 tamen
1462 696 1490 746 iu
1511 696 1558 747 hac

199 795 297 847 papyro
320 781 509 852 xampapptvov
532 782 610 834 XXII
631 782 664 832 ‘29
689 788 714 833 ct
737 781 827 849 ἀπορεῖ
844 779 932 831 XXVI
953 780 1001 844 tr,
1029 779 1131 847 ἀπορεῖν
1154 782 1199 843 (ih.
1213 780 1294 845 48l.).
1332 782 1394 834 haec
1419 784 1558 851 diligenter

199 869 386 930 serraricum
406 870 574 922 Aristarchus
594 884 696 937 quoque
715 868 859 935 simplicem
879 884 893 937 ρ
912 868 1138 919 commendaverit.

267 942 286 1016 ξ
299 971 346 1023 pro
369 956 387 1008 ἆ
412 955 501 1007 XXIII
520 955 555 1006 40
583 953 795 1023 καταζβέννυσθαι
823 959 852 1005 ut
879 955 905 1005 in
931 953 1014 1005 titulis
1037 959 1063 1006 et
1091 957 1118 1006 iu
1143 955 1396 1018 llerculauensibus,
1426 956 1469 1008 sed
1501 972 1557 1007 raro

197 1043 304 1123 omniuo
323 1042 463 1094 invenitur.

270 1129 348 1198 ipro
366 1133 384 1182 ὃ
404 1130 552 1184 invenimus
570 1131 598 1182 in
618 1129 683 1198 ὀδμή
704 1129 820 1181 XXXIV
840 1128 875 1179 38
893 1133 929 1192 (at
948 1127 1015 1197 toph
1030 1129 1170 1181 XXXVIII
1191 1129 1231 1191 l‘l)
1250 1134 1277 1180 et
1293 1128 1417 1197 ὀδμοῖσθαι
1438 1131 1556 1186 XXXIII

198 1217 237 1268 19.
257 1216 376 1270 XXXIV
388 1217 430 1269 48.

281 1359 373 1438 Quae
395 1361 507 1426 ultimo
523 1362 594 1426 loeo
609 1358 710 1443 tetigi,
733 1367 849 1443 sponte
871 1359 1042 1424 traducunt
1064 1359 1105 1423 ad
1122 1359 1248 1425 ionicae
1263 1360 1394 1426 dialecti
1409 1363 1557 1445 vestigia,
1574 1387 1694 1427 urerent.

194 1501 278 1562 quae
304 1500 343 1545 ex
370 1480 535 1564 scriptoris
562 1480 672 1546 eiusve
699 1478 839 1544 auctoris
866 1479 972 1561 patria
998 1479 1177 1545 derivanda
1203 1499 1276 1545 esse
1303 1481 1424 1547 conieci
1448 1482 1554 1548 Herus.

194 1601 214 1664 I.
230 1620 256 1663 c.
281 1621 311 1683 p.
327 1600 400 1664 414.
449 1619 524 1664 uam
548 1598 654 1664 ionica
682 1605 757 1662 sunt
790 1598 915 1661 ἀπουσία
941 1599 1187 1681 (dethmarum)
1217 1599 1346 1663 XXXII
1369 1602 1424 1685 24,
1458 1603 1555 1668 εἵνεκα

194 1719 284 1801 V23,
307 1724 400 1788 κεῖνος
422 1725 494 1802 post
510 1725 726 1783 consonantes
742 1717 850 1780 XXIV
863 1717 914 1799 3⁴2,
937 1716 1030 1781 XXV
1048 1718 1090 1780 '28
1102 1717 1155 1802 (cl.
1168 1719 1327 1784 XXXVII
1341 1718 1406 1803 40),
1430 1722 1555 1807 δένδρος,

192 1837 336 1922 ὃένδρους,
359 1837 479 1922 δένδρει,
502 1839 628 1921 δενδρῶν
651 1835 704 1919 (of.
722 1835 822 1899 Iudex
846 1834 1040 1916 verborum),
1063 1837 1232 1901 σκίδνασθαι
1256 1837 1400 1903 XXXIII
1417 1840 1458 1903 35
1473 1840 1555 1924 (⁸26).

191 1957 301 2038 glossa
322 1956 448 2039 (nescio
471 1955 561 2021 ouius
583 1954 728 2038 (helecti)
751 1961 800 2018 est
828 1955 948 2022 καιάτας
975 1955 1117 2020 XXXVI
1139 1957 1177 2020 57
1208 1956 1262 2039 (el.
1288 1957 1389 2022 Iudex
1412 1960 1467 2041 v.).
1512 1961 1555 2024 ad

192 2074 386 2140 atticismum
403 2075 566 2160 pertinent
581 2075 747 2158 rapitrapit
762 2073 837 2137 VIII
854 2075 883 2138 i).
901 2073 965 2137 XII
979 2076 1028 2139 10.
1054 2075 1130 2138 XVI
1145 2075 1196 2139 20.
1215 2075 1308 2140 XVII
1323 2079 1374 2141 II).
1399 2077 1507 2142 XVIII
1525 2081 1553 2162 1,

190 2195 389 2280 περιττότερος
411 2195 474 2260 XII
495 2196 551 2277 20;
580 2195 767 2278 περιττώσεις
790 2192 852 2256 XX
868 2195 897 2257 9.
940 2213 1010 2257 oum
1039 2196 1206 2258 διαλλάττον
1231 2195 1322 2259 XXV
1338 2196 1381 2260 45
1407 2205 1439 2262 et
1467 2199 1552 2282 ἧττον

190 2313 365 2380 XXXVIII
380 2315 423 2379 40
445 2314 631 2398 posterioris
654 2313 718 2377 sint
741 2312 851 2395 partis,
875 2312 977 2377 conici
994 2334 1057 2377 non
1074 2313 1148 2379 licet
1164 2312 1295 2378 atticum
1312 2312 1397 2380 hune
1412 2316 1553 2383 colorem

190 2453 231 2497 ex
245 2433 404 2498 Menoniis
419 2434 610 2497 translatum
627 2452 709 2514 esse,
726 2451 801 2496 nam
821 2431 931 2496 tenuia
951 2440 1025 2496 sunt
1045 2432 1141 2498 etiam
1158 2432 1234 2496 alibi
1251 2433 1389 2516 vestigia
1403 2436 1553 2501 atticismi

189 2553 278 2617 velut
301 2556 341 2622 ὡς
364 2552 612 2636 praepositionis
634 2572 721 2632 usus,
745 2555 785 2619 ὡς
802 2551 912 2632 ὁμοίως
934 2550 1061 2633 similia,
1084 2552 1125 2616 de
1147 2551 1262 2633 ‹pribus
1286 2553 1317 2616 in
1331 2553 1466 2620 Hermiae
1488 2557 1507 2620 l.
1525 2576 1552 2622 e.

189 2692 220 2756 p.
236 2673 300 2736 412
323 2670 464 2738 breviter
479 2693 548 2737 eum
572 2672 706 2736 loeutus.
746 2669 804 2734 sed
827 2669 930 2734 oratio
953 2669 985 2733 iu
1009 2669 1192 2735 uuiversum
1215 2670 1368 2738 abhorret
1383 2693 1404 2738 a
1419 2675 1553 2741 cultiore

189 2792 245 2857 illo
262 2792 425 2858 rhetorum
441 2789 547 2855 studio
564 2796 597 2854 et
612 2790 714 2853 multa
729 2789 838 2852 insunt
852 2787 1010 2871 vulgaria,
1026 2789 1115 2853 velut
1127 2789 1239 2854 XXIII
1255 2795 1288 2856 ll
1305 2796 1472 2877 λαλήσομεν
1488 2798 1552 2877 περὶ

189 2917 242 2997 τῆς
256 2913 437 2994 διοικήσεως,
461 2909 547 2992 quod
568 2908 771 2994 Phrynichus
791 2907 933 2972 Bekkeri
956 2929 985 2990 p.
1003 2907 1077 2990 51,3
1094 2907 1279 2992 vituperat'‚
1301 2913 1437 2996 ulchipur
1453 2933 1552 2996 saepe

189 3053 248 3117 pro
271 3032 439 3116 ἐνεχθῆναι,
463 3030 689 3110 συνεσταμένον,
715 3028 911 3112 καταχθέντες
932 3029 1004 3109 (pro
1028 3027 1223 3111 καταρέντες),
1247 3050 1310 3111 quo
1330 3037 1438 3098 tamen
1455 3033 1551 3098 etiam

188 3150 380 3216 Aristoteles
395 3171 471 3214 usus
487 3158 535 3215 est
550 3148 581 3213 d.
595 3155 676 3231 part.
693 3145 828 3210 auimh
843 3150 857 3209 l
878 3169 906 3231 p.
920 3146 1058 3229 olonae,
1073 3153 1139 3211 tum
1156 3150 1401 3213 καταισῦοἱνεσθοιι
1422 3151 1552 3234 passive

189 3270 330 3350 (XXXII
346 3271 389 3352 5),
410 3270 526 3353 ἐκφύειν
542 3265 744 3332 intransitive
758 3265 866 3348 (XXV
879 3265 914 3346 3>
926 3273 959 3330 et
975 3266 1148 3349 praecipue
1163 3266 1195 3330 iu
1212 3270 1504 3350 praepositionibus
1519 3279 1552 3335 et

190 3389 364 3475 particulis,
388 3389 420 3454 in
444 3389 558 3472 ‹pribus
573 3387 804 3452 Graeculorum
821 3385 948 3449 inscitia
968 3385 1107 3450 maxime
1123 3385 1297 3468 conspicua
1313 3395 1374 3467 est3
1398 3388 1436 3453 oi.
1450 3389 1551 3454 Index

190 3510 402 3577 verboruma.
420 3509 477 3584 ἐπί,
500 3509 575 3592 περί,
597 3531 651 3584 τοι,
673 3508 728 3590 γάρ
748 3530 802 3584 τοι,
825 3508 976 3589 τοιγάρτοι,
999 3505 1033 3568 οὐ
1057 3507 1114 3589 μὴν
1131 3506 1173 3579 δέ,
1196 3508 1237 3573 ὡς
1260 3506 1305 3583 ἄν,
1329 3507 1460 3570 καί-δέ
1476 3508 1551 3572 alia.

273 3663 513 3746 Interpunctum
537 3666 586 3724 est
607 3678 629 3723 a
649 3658 780 3723 librario
803 3658 988 3741 diligentius
1010 3677 1106 3741 quam
1128 3659 1282 3739 aequales
1302 3667 1545 3725 consueverant.
1556 3683 1702 3733 lurerpunetto

189 3788 340 3866 quattuor
362 3781 448 3847 euim
470 3778 617 3844 invenias
639 3776 855 3858 distinguendi
877 3797 1007 3860 genera.
1052 3777 1187 3860 primum
1212 3797 1320 3842 crasso
1337 3786 1456 3860 puncto
1480 3779 1551 3844 finis

188 3901 362 3984 imponitur
384 3900 516 3984 periodo
540 3898 653 3963 XXXI
675 3899 727 3982 25,
754 3895 839 3979 quod
862 3904 912 3962 est
934 3897 1107 3979 singulare.
1151 3897 1293 3978 legitime
1315 3903 1423 3962 autem
1445 3898 1552 3980 spatia

188 4038 293 4084 vacua
308 4018 512 4102 adhibentur,
521 4026 577 4082 aut
594 4018 750 4081 minutum
761 4017 794 4102 (i.
808 4038 836 4082 e.
849 4039 869 4078 a
892 4016 987 4080 huius
1002 4015 1177 4100 editionis),
1189 4036 1252 4097 quo
1268 4017 1412 4080 membra
1428 4017 1550 4100 periodi

189 4138 258 4204 sive
284 4138 452 4204 enuntiata
477 4138 603 4202 minora
629 4137 834 4220 dirimuntur,
862 4144 918 4200 aut
944 4135 1082 4218 amplius
1103 4137 1138 4218 (i.
1162 4156 1190 4199 e.
1214 4156 1234 4195 ιι
1257 4135 1305 4219 ιε),
1337 4157 1400 4218 quo
1428 4135 1551 4199 maiora

189 4257 357 4322 enuntIata
383 4256 435 4322 vel
465 4256 588 4339 periodi
613 4256 773 4321 finiuntur.
819 4256 892 4321 huic
915 4264 1022 4320 autom
1051 4253 1226 4338 spatiorum
1249 4254 1355 4336 siguo,
1389 4254 1475 4335 qurul
1503 4260 1551 4317 est

189 4376 274 4442 inter
296 4395 418 4458 versus,
441 4375 615 4457 respondet
637 4375 757 4458 duplex
780 4376 857 4440 item
874 4380 966 4439 extra
981 4394 1093 4438 versus
1109 4370 1247 4456 positum
1264 4390 1284 4435 a
1299 4371 1438 4436 sinistra.
1475 4389 1549 4433 narn

188 4494 279 4560 initio
301 4513 450 4560 versuum
469 4492 592 4558 minore
607 4493 712 4577 spatio
728 4494 794 4578 (r)
816 4492 1047 4575 dirempturum
1063 4491 1208 4577 praetexi
1224 4491 1308 4556 solet
1327 4487 1551 4574 paragraphus

189 4613 283 4680 obelo
316 4612 429 4678 similis
453 4613 568 4698 (-),
600 4611 740 4695 itemque
768 4611 942 4676 maioribus
974 4610 1088 4694 spatiis
1118 4612 1292 4693 respondet
1323 4610 1412 4692 diple
1441 4609 1550 4695 (›—-).

187 4770 234 4777 -ψ-

263 4869 269 4899 ¹
289 4868 430 4937 angulare,
449 4871 471 4921 si
491 4874 559 4922 recte
578 4870 703 4937 explicui,
722 4866 804 4920 ικδιον
823 4868 853 4933 (i.
867 4883 888 4918 e.
908 4864 934 4925 ἐξ
952 4866 1000 4928 ὧν)
1018 4867 1096 4919 XXV
1119 4865 1149 4918 18
1167 4871 1221 4918 not.

259 4955 270 4988 ²
289 4955 322 5008 ci.
342 4955 517 5024 Apollodorus
536 4956 673 5009 Poliorcet.
695 4973 719 5024 p.
736 4956 821 5017 137‚4
839 4954 982 5023 hrrldlpca
1001 4954 1062 5018 (suh
1081 4953 1234 5014 lladriano).
