3510 5610
288 333 348 399 122
440 335 515 397 κατά

339 503 402 560 καθ’
418 505 527 576 έκάστην
544 505 591 575 τήν
610 504 692 575 φυλήν
705 504 784 567 7432
816 506 848 558 τὰ
866 523 943 576 γραμ-

339 600 428 664 ματεῖα
441 595 507 647 κατὰ
524 595 569 652 τὰς
581 592 725 664 καταβολὰς
738 593 944 665 ἀναγεγραμμένα

338 682 398 747 513
426 683 492 735 κατὰ
504 685 578 753 μέρος
588 682 648 747 623
676 683 743 734 κατὰ
755 681 828 733 πέντε
841 683 944 734 πινάκια

337 771 371 829 είς
389 769 472 837 7530
508 769 579 829 ὅπως
597 769 741 828 διαστάντες
758 769 859 822 ἕκαστοι
881 764 943 821 κατ’

337 858 434 928 ὀλίγους
453 859 550 928 λάβωσι
569 858 644 923 7831

371 948 502 999 seeundum
514 949 580 1000 κατὰ
592 946 685 1016 ταῦτην
704 945 751 1017 τήν
765 943 887 1014 μίσθωσιν
901 944 942 1009 33

336 1037 403 1088 κατὰ
421 1037 479 1094 τοὺς
498 1037 591 1105 νόμους
609 1035 669 1101 536
690 1035 768 1100 1934
786 1032 864 1097 4333
882 1032 940 1096 503

337 1124 415 1190 5137
442 1122 501 1190 673
539 1124 605 1175 κατά
623 1124 655 1176 τά
673 1124 766 1192 πάτρια
784 1120 844 1182 25,6
864 1119 942 1184 3432

335 1212 418 1276 4036
441 1209 525 1276 4130
565 1209 740 1264 πολιτεῦεσθαι
767 1209 835 1262 κατὰ
863 1209 942 1266 πάσας

336 1299 482 1365 (πολιτείας)
496 1298 574 1363 3235
605 1300 671 1352 κατὰ
684 1299 715 1351 τά
728 1297 886 1367 γεγραμμένα
899 1296 941 1361 35,

337 1388 369 1440 12
400 1387 493 1459 κληροῖ
509 1388 575 1440 κατὰ
588 1385 766 1457 κληρωτήριον
784 1381 851 1448 75,8Ι
875 1384 942 1437 κατὰ

335 1476 380 1533 τὰς
410 1474 539 1544 συνθήκας
568 1475 642 1528 τάσδε
672 1474 755 1538 4032
800 1474 867 1525 κατὰ
898 1472 941 1525 τδν

335 1564 470 1633 ἐπώνυμον
490 1562 550 1629 523
586 1563 746 1634 γραμματεὺς
764 1561 778 1614 δ
796 1563 863 1614 κατὰ
881 1580 942 1630 πρυ-

335 1652 435 1705 τανείαν
458 1650 615 1719 καλοῦμενος
643 1650 707 1713 60,9
744 1652 810 1702 κατὰ
833 1648 941 1721 σελήνην

334 1740 395 1802 463
432 1740 499 1791 κατὰ
518 1739 546 1790 τὸ
565 1739 635 1808 γένος
652 1737 713 1804 45,5
750 1734 815 1790 καθ’
831 1735 889 1791 ὅσον
908 1738 940 1808 ήν

336 1826 440 1885 δυνατός
461 1826 520 1891 173
556 1824 652 1878 καθ’δ
674 1844 697 1878 τι
717 1825 746 1877 ἂν
766 1825 844 1886 4534
862 1826 941 1890 4834

335 1914 395 1980 69,6
427 1910 488 1967 κατ’
502 1913 567 1966 αδτὰ
579 1919 659 1966 ταῦτα
672 1914 751 1980 4938
782 1915 848 1966 κατά
860 1912 940 1965 ταῦτά

335 2004 393 2066 413
432 1999 495 2055 καθ’
510 2002 590 2071 α”ιτήν
608 2004 665 2072 (ρετ
685 2004 727 2066 ιε)
748 2001 808 2065 933

370 2086 522 2143 6ιια1.κατ’
543 2091 663 2160 ἐμπορίαν
687 2088 739 2158 ἅμα
764 2086 940 2159 καίθεωρίαν

336 2176 413 2239 1130

281 2265 486 2334 καταβαίνειν
505 2267 550 2331 (είς
567 2265 597 2319 τὸ
617 2267 691 2334 ἄστυ)
713 2265 793 2333 1834
829 2265 941 2331 (ἐκτῶν

334 2353 429 2426 ἀγρῶν)
444 2353 504 2418 283
536 2355 665 2423 (acropoli
685 2356 713 2407 iu
728 2354 883 2420 Leocorion)
897 2353 941 2420 20,

334 2440 368 2494 28
410 2442 586 2512 καταβέβηκεν
609 2446 687 2511 (equo
710 2444 728 2494 i.
747 2459 769 2495 ε.
793 2460 864 2509 eques
888 2460 941 2492 esee

335 2529 418 2595 desiit)
437 2529 498 2595 53,5

281 2618 491 2687 καταβάλλειν
506 2618 622 2689 (κόπρον)
635 2618 731 2686 5432)
741 2619 871 2686 pecuniam
890 2617 938 2669 eol·

333 2726 389 2758 vere
409 2706 487 2769 5035
507 2707 665 2774 351316
703 2706 856 2774 itemfpass.
870 2706 939 2772 51,5.

335 2795 368 2847 10
403 2796 435 2847 τὰ
453 2794 664 2865 καταβαλλόμενα
681 2795 802 2866 χρήματα
821 2793 899 2858 5133

280 2881 443 2953 καταβολή
472 2886 593 2952 pecuniae
624 2884 720 2935 εοίιιιίο.
769 2889 938 2952 γραμματεῖον

332 2971 399 3023 κατὰ
421 2972 468 3041 τήν
486 2970 633 3041 καταβολὴν
660 2972 768 3040 ἑκάστην
791 2970 939 3040 ποιήσαντες

332 3058 409 3124 5036
423 3059 455 3112 τί.
466 3061 558 3126 5138
586 3059 684 3128 (suppl.
695 3060 845 3132 χρημάτων)
860 3057 937 3126 5135

278 3149 429 3216 κατάγειν
448 3149 562 3199 reducere
584 3148 667 3214 1731.
681 3148 712 3200 12

278 3236 551 3306 καταγιγνώσκειν
565 3237 723 3288 condemnere
735 3234 843 3298 (τούτων
857 3235 938 3304 ἀμφα-

330 3325 409 3393 τέρων
428 3322 547 3388 θάνατον)
566 3323 627 3391 323
659 3323 766 3389 (αδτιῦν)
779 3322 856 3388 4932
876 3324 934 3375 sim.

329 3411 408 3474 5931
435 3412 500 3476 71,5
541 3412 655 3475 (ἀδικεῖν)
680 3411 743 3475 60,6
781 3410 859 3477 (τινὸς
884 3410 935 3463 ἀδι-

330 3500 394 3566 κεῖν)
406 3499 466 3565 49,5
495 3499 614 3568 (κλοπήν)
628 3497 688 3564 60,3
715 3500 770 3551 abs.
784 3499 862 3565 4938
875 3500 935 3563 523

329 3588 389 3654 60,5
420 3604 490 3656 paSS.
505 3587 729 3657 καταγνωσθέντος
746 3591 791 3639 τοῦ
805 3587 879 3657 ἄγους
892 3588 932 3649 33

276 3675 480 3745 καταγνῦναι.
511 3676 536 3728 εἴ
551 3694 588 3733 τις
600 3674 735 3746 έξορῦξειεν
748 3673 831 3728 έλαίαν
845 3676 935 3746 μορίαν

329 3764 495 3836 ήκατάξειεν
514 3764 574 3828 71,5
616 3822 618 3825 ,

275 3855 474 3924 κατάγνωσις
493 3853 560 3920 μίιιτ.
575 3850 635 3917 49,5
655 3851 715 3919 703

275 3938 520 3995 καταδεικνῦναι
539 3940 595 3992 ebs.
609 3939 686 4006 3032

275 4026 509 4098 καταδέχεσθαι
528 4028 598 4095 (τοὺς
616 4028 844 4097 ὠστρακισμένους)
869 4028 933 4090 273

275 4117 476 4170 κατακλείειν
496 4118 540 4181 [cf.
559 4116 620 4170 ιιιίιι.
635 4135 659 4185 ρ.
676 4118 750 4183 16,7;
772 4116 844 4169 Corr.
858 4114 932 4184 737]

327 4207 371 4270 (είς
383 4207 415 4258 τὰ
427 4205 531 4274 πλησίον
544 4205 673 4274 οἰκήματα
686 4210 729 4257 τοῦ
741 4202 857 4274 θησείου)
874 4204 931 4269 18,7

325 4290 479 4346 τὸνἹππίαν
498 4294 532 4351 εἰς
551 4293 580 4344 τὸ
598 4291 756 4360 καλούμενον
776 4289 931 4362 Πελαργικὸν

325 4385 418 4452 τεῖχος)
443 4381 503 4445 233
549 4397 619 4449 pass.
638 4384 674 4447 (ἐν
703 4382 741 4449 τη]
764 4380 842 4447 ἄστει)
866 4380 931 4445 30,8

323 4473 421 4521 sancire
441 4468 600 4523 κατέκλεισεν
619 4471 677 4528 τοῦς
696 4468 787 4538 νόμους
806 4468 864 4533 737

272 4559 464 4611 κατακαίνειν
484 4559 602 4609 exaudire
624 4558 683 4622 18,4

271 4652 473 4716 κατακυροῦν
492 4649 548 4700 abs.
562 4646 638 4712 5031

271 4734 537 4804 καταλαμβάνειν.
568 4738 624 4787 abs,
637 4734 724 4804 χρείας
737 4730 928 4802 καταλαβοῦσιγς

322 4824 365 4887 43
402 4821 511 4892 (Φυλήν)
529 4822 589 4883 395
609 4823 642 4875 cf.
655 4822 733 4885 3932

270 4911 456 4982 καταλέγειν
480 4911 584 4980 deliqere
608 4911 678 4979 (τοῦς
701 4909 927 4980 πεντακισχιλίους)

1487 331 1498 385 I
1527 331 1658 388 INDEX

1048 503 1131 568 3335
1168 509 1230 570 (τῶν
1254 503 1365 558 πολιτῶν
1388 505 1549 579 τρισχιλίους)
1573 508 1655 574 3831

1050 592 1161 660 (ίππέας)
1184 592 1248 660 533
1266 608 1323 662 sqq.
1364 597 1550 668 (τριηράρχους)
1574 597 1658 663 7132

1049 680 1103 746 (τὸν
1126 681 1255 752 μερισμόν)
1280 681 1363 747 5130
1402 699 1474 751 pass.
1491 687 1552 743 τοῦς
1573 704 1657 739 κατιε-

1048 768 1184 838 λεγμένους
1202 768 1308 823 καλοῦσι
1326 770 1404 836 5332

996 856 1190 927 καταλογεὺς
1208 857 1327 925 (ἱππέων)
1347 875 1414 928 mag.
1428 865 1475 913 att.
1490 861 1558 928 plur.
1572 861 1634 923 533

995 944 1179 1012 κατάλογος.
1217 946 1332 1017 στρατεία
1355 946 1385 1000 έιι
1409 947 1553 1019 καταλόγου
1577 949 1657 1015 2938

1049 1035 1111 1097 (τῶν
1130 1033 1286 1106 τρισχιλίων)
1304 1033 1419 1099 39310
1455 1037 1575 1104 (ἱππίων)
1594 1038 1656 1102 533

995 1119 1171 1174 καταλῦειν.
1202 1129 1252 1174 act.
1266 1123 1323 1192 (τήν
1342 1122 1487 1193 διωβελίαν)
1506 1125 1564 1190 323
1599 1126 1658 1196 (τήν

1047 1208 1190 1278 τυραννίδα)
1210 1209 1289 1275 2134
1326 1213 1383 1282 (τήν
1402 1212 1557 1278 δυναστείαν)
1577 1214 1659 1280 3830

1047 1296 1103 1366 (τήν
1123 1296 1229 1366 βουλήν)
1249 1297 1326 1364 2337
1346 1301 1377 1351 σί.
1390 1298 1470 1366 3530
1506 1299 1658 1372 (τήνἈρεο·

1047 1391 1144 1453 παγίτιν
1155 1385 1260 1456 βουλήν)
1268 1386 1345 1453 2832
1365 1388 1457 1452 (πάσας
1466 1388 1510 1447 τὰς
1520 1389 1658 1455 πολιτείας)

1047 1472 1125 1539 3234
1148 1473 1217 1540 (τοῦς
1226 1476 1413 1543 τετρακοσίους)
1423 1476 1484 1543 363
1507 1479 1657 1549 (τοῦςτριά-

1047 1563 1135 1623 κοντα)
1149 1560 1226 1626 3935
1258 1564 1326 1626 (τοὺς
1345 1562 1417 1628 δέκα)
1430 1564 1491 1628 403
1522 1566 1560 1632 (τὸ
1580 1572 1659 1638 κῦρος

1047 1647 1060 1701 ὃ
1088 1649 1120 1720 ήν
1148 1649 1172 1701 έν
1201 1656 1252 1708 τοῖς
1275 1650 1412 1715 δικασταῖς)
1435 1652 1501 1715 383
1543 1671 1616 1722 pass.
1639 1657 1656 1726 ή

1047 1736 1125 1808 βουλή
1145 1738 1161 1808 ή
1181 1738 1221 1791 έπί
1240 1734 1354 1790 Καλλίου
1373 1738 1502 1810 κατελὺθη
1522 1740 1603 1807 3530
1622 1745 1657 1796 σί.

1045 1824 1087 1889 28,
1094 1825 1126 1877 32
1163 1824 1348 1896 καταλυθείσης
1365 1831 1411 1896 τῆς
1428 1829 1575 1898 τυραννίδος
1594 1829 1657 1891 233

1045 1912 1105 1977 31,6
1134 1914 1150 1983 ή
1163 1913 1241 1983 κρίσις
1255 1912 1423 1967 καταλέλυται
1434 1915 1493 1982 71,7
1525 1917 1561 1987 μὴ
1576 1936 1658 1971 κατα-

1044 1999 1155 2054 λυθιῦσιν
1173 2006 1220 2070 τῆς
1237 2001 1319 2072 ἀρχῆς
1331 2002 1391 2069 403
1423 2003 1493 2058 med.
1506 2004 1562 2072 (τὸν
1582 2006 1658 2060 πάλι-

1046 2090 1106 2158 μον)
1126 2089 1204 2155 3539

992 2177 1165 2235 κατάλυσις
1179 2179 1234 2246 (τοῦ
1247 2177 1340 2249 δήμου)
1358 2179 1416 2245 10,8
1446 2183 1501 2249 (τῆς
1514 2180 1658 2250 πολιτείας)

1046 2266 1106 2331 293
1125 2269 1156 2319 σί.
1170 2267 1246 2330 3631
1280 2268 1342 2332 (τῶν
1355 2269 1495 2338 τυράννων)
1515 2269 1592 2337 1534
1612 2271 1659 2338 24,

1050 2357 1077 2406 11
1099 2352 1178 2418 4237
1209 2356 1273 2421 (τῶν
1291 2354 1472 2425 τετρακοσίων)
1486 2355 1565 2425 3637
1597 2360 1657 2426 (τοῦ

1046 2441 1169 2509 πολέμου)
1188 2441 1266 2505 3936

992 2528 1204 2599 καταπάλεής.
1241 2530 1406 2602 καταπάλτην
1425 2531 1524 2601 ἀφιέναι
1542 2534 1625 2599 4435

982 2616 1187 2671 ’καταπαύειν
1207 2617 1366 2686 (φιλονικίαν)
1387 2619 1431 2682 6,8

991 2705 1172 2760 καταπλεῖν.
1218 2712 1263 2759 τοῦ
1291 2707 1360 2759 σίτου
1390 2712 1435 2760 τοῦ
1462 2708 1655 2772 καταπλέοντας

1043 2794 1079 2850 είς
1095 2793 1124 2846 τὸ
1144 2793 1237 2847 σιτικὸν
1256 2794 1375 2864 ἐμπόριον
1395 2795 1470 2859 5531

991 2880 1222 2952 καταπλήττειν
1246 2884 1316 2948 (τοὺς
1344 2881 1447 2951 ἄλλους)
1471 2883 1536 2949 40,3
1581 2904 1655 2956 pass.

1044 2968 1215 3040 καταπλαγείς
1233 2970 1293 3036 29,5
1312 2969 1391 3037 3735

990 3059 1260 3128 καταρρυπαίνειν
1281 3059 1392 3126 (ἑαυτόν)
1410 3059 1455 3124 7,8

991 3148 1244 3215 κατασημαίνειν.
1278 3163 1347 3215 pase.
1362 3151 1608 3221 κατασισημασμένα
1620 3155 1653 3206 τά

1043 3233 1156 3302 ὀνόματα
1175 3233 1255 3298 5330
1291 3236 1359 3287 med.
1374 3236 1441 3299 (τοὺς
1460 3235 1571 3310 έχίνους)
1591 3240 1652 3306 583

991 3327 1197 3375 κατασιωπᾶν
1219 3322 1274 3387 173

988 3412 1225 3463 κατασκάπτειν
1244 3410 1284 3477 (τὸ
1303 3413 1396 3484 τεῖχος)
1414 3410 1493 3478 3932

987 3500 1240 3560 κατασκευάζειν
1275 3498 1314 3564 (τὸ
1350 3498 1544 3573 παλεμαρχεῖον,
1580 3506 1649 3558 coni.

1040 3592 1223 3656 ανοικοοομειν)
1246 3587 1310 3655 437
1354 3588 1451 3654 (τοῦτο)
1475 3589 1538 3654 213
1580 3593 1649 3656 (τοὺς

1040 3676 1107 3728 κατὰ
1118 3674 1213 3745 δήμους
1226 3675 1355 3742 δικαστάς)
1374 3676 1448 3738 1833
1479 3675 1647 3749 (μισθοφορὰν

1040 3770 1093 3820 τοῖς
1111 3762 1238 3821 δικασταῖς
1256 3763 1298 3825 30,
1305 3763 1340 3814 20
1376 3764 1432 3835 (τήν
1451 3752 1574 3835 προτέραν
1598 3767 1647 3820 άλι-

1040 3852 1155 3924 γαρχίαν)
1175 3851 1252 3917 3933
1283 3851 1372 3920 (βίαιόν
1392 3869 1419 3903 τε
1437 3851 1483 3922 τήν
1503 3852 1585 3925 ἀρχήν
1604 3857 1647 3909 καί

1039 3946 1091 3992 τῶν
1110 3939 1260 4012 ἀρχομένων
1278 3939 1361 4010 ήττω)
1381 3938 1458 4005 3835

986 4028 1166 4098 κατασκευή
1186 4027 1308 4098 (πομπῆς)
1329 4027 1388 4094 643

985 4117 1182 4186 κατασκοπή.
1219 4116 1258 4168 έπὶ
1277 4116 1443 4185 κατασκοπήν
1462 4117 1523 4170 M
1544 4135 1569 4186 γι.
1583 4120 1643 4183 863

984 4208 1177 4261 κατάστασις
1195 4207 1250 4273 (τῆς
1269 4204 1404 4271 πολιτείας)
1425 4204 1501 4269 1134
1523 4207 1583 4275 17,8
1601 4207 1643 4274 25,

1040 4294 1070 4345 13
1089 4292 1173 4352 4338
1210 4292 1265 4361 (τής
1288 4293 1441 4362 τυραννίδος)
1464 4293 1543 4358 1933
1580 4296 1643 4360 (τῶν

1036 4379 1216 4451 τετρακοσίων)
1226 4379 1286 4446 43,6
1306 4381 1460 4452 (ἐπιτροπῆς)
1471 4381 1529 4447 653
1551 4383 1642 4452 (ἐμφα-

1036 4472 1098 4532 νῶν)
1118 4468 1178 4532 653

982 4557 1290 4625 κατατραυματίζειν
1310 4557 1419 4622 (ἑαυτόν)
1442 4559 1517 4624 1538

982 4645 1217 4714 καταφατίζειν.
1254 4644 1373 4713 ὀμνῦντες
1391 4647 1557 4715 κατεφάτιζον
1580 4647 1639 4700 ἀνα·

1033 4732 1118 4803 θήσειν
1137 4733 1271 4805 ἀνδριάντα
1289 4740 1397 4806 χρυσοῦν
1417 4734 1477 4800 735

981 4823 1192 4892 καταφεύγειν
1212 4824 1258 4888 (είς
1276 4824 1323 4893 τήν
1342 4821 1489 4893 ἀκρόπολιν)
1508 4824 1586 4887 2330

980 4910 1249 4982 καταχαρίζεσθαι
1268 4912 1324 4983 (τήν
1343 4912 1434 4981 κρίσιν)
1452 4911 1532 4980 5338
