<?xml version="1.0" encoding="UTF-8"?>
<!DOCTYPE html PUBLIC "-//W3C//DTD XHTML 1.0 Transitional//EN"
    "http://www.w3.org/TR/xhtml1/DTD/xhtml1-transitional.dtd">
<html xmlns="http://www.w3.org/1999/xhtml" xml:lang="en" lang="en">
 <head>
  <title>
</title>
<meta http-equiv="Content-Type" content="text/html;charset=utf-8" />
  <meta name='ocr-system' content='tesseract 3.04.00' />
  <meta name='ocr-capabilities' content='ocr_page ocr_carea ocr_par ocr_line ocrx_word'/>
</head>
<body>
  <div class='ocr_page' id='page_1' title='image "./supplementumari00arisgoog/supplementumari00arisgoog_0168.png"; bbox 0 0 3510 5610; ppageno 0'>
   <div class='ocr_carea' id='block_1_1' title="bbox 380 1265 1254 1383">
    <p class='ocr_par' dir='ltr' id='par_1_1' title="bbox 380 1265 1254 1383">
     <span class='ocr_line' id='line_1_1' title="bbox 380 1265 1254 1383; baseline -0.006 0"><span class='ocrx_word' id='word_1_1' title='bbox 380 1265 732 1383; x_wconf 76' lang='lat' dir='ltr'>nrrnrornnurn</span> <span class='ocrx_word' id='word_1_2' title='bbox 762 1312 1004 1380; x_wconf 78' lang='lat' dir='ltr'>reunnrnu</span> <span class='ocrx_word' id='word_1_3' title='bbox 1035 1311 1254 1379; x_wconf 75' lang='grc' dir='ltr'>ιιυιιιέιι</span> 
     </span>
    </p>
   </div>
   <div class='ocr_carea' id='block_1_2' title="bbox 149 1481 1554 2788">
    <p class='ocr_par' dir='ltr' id='par_1_2' title="bbox 1413 1481 1554 1538">
     <span class='ocr_line' id='line_1_2' title="bbox 1413 1481 1554 1538; baseline 0.014 -12"><span class='ocrx_word' id='word_1_4' title='bbox 1413 1481 1554 1538; x_wconf 86' lang='lat' dir='ltr'>Pap.Lond.</span> 
     </span>
    </p>

    <p class='ocr_par' dir='ltr' id='par_1_3' title="bbox 193 1557 1502 1852">
     <span class='ocr_line' id='line_1_3' title="bbox 276 1557 1502 1643; baseline -0.009 -16"><span class='ocrx_word' id='word_1_5' title='bbox 276 1563 301 1628; x_wconf 93' lang='grc' dir='ltr'>Ι.</span> <span class='ocrx_word' id='word_1_6' title='bbox 325 1599 366 1608; x_wconf 83' lang='lat'>—</span> <span class='ocrx_word' id='word_1_7' title='bbox 389 1599 430 1608; x_wconf 81' lang='grc'>-</span> <span class='ocrx_word' id='word_1_8' title='bbox 455 1559 596 1643; x_wconf 84' lang='grc' dir='ltr'>Μύρωνος</span> <span class='ocrx_word' id='word_1_9' title='bbox 612 1557 675 1623; x_wconf 79' lang='grc' dir='ltr'>καθ’</span> <span class='ocrx_word' id='word_1_10' title='bbox 697 1560 783 1640; x_wconf 82' lang='grc' dir='ltr'>ἱερῶν</span> <span class='ocrx_word' id='word_1_11' title='bbox 799 1557 960 1640; x_wconf 75' lang='grc' dir='ltr'>ὀμόσαντες</span> <span class='ocrx_word' id='word_1_12' title='bbox 976 1558 1149 1642; x_wconf 78' lang='grc' dir='ltr'>ἀριστίνδην.</span> <span class='ocrx_word' id='word_1_13' title='bbox 1185 1557 1439 1641; x_wconf 71' lang='grc' dir='ltr'>καταγνωσθέντος</span> <span class='ocrx_word' id='word_1_14' title='bbox 1452 1565 1502 1632; x_wconf 80' lang='lat' dir='ltr'>pl</span> 
     </span>
     <span class='ocr_line' id='line_1_4' title="bbox 193 1660 1452 1749; baseline -0.004 -20"><span class='ocrx_word' id='word_1_15' title='bbox 193 1668 225 1730; x_wconf 79' lang='grc' dir='ltr'>δὲ</span> <span class='ocrx_word' id='word_1_16' title='bbox 248 1670 298 1729; x_wconf 82' lang='grc' dir='ltr'>τοῦ</span> <span class='ocrx_word' id='word_1_17' title='bbox 322 1665 407 1748; x_wconf 88' lang='grc' dir='ltr'>άγους</span> <span class='ocrx_word' id='word_1_18' title='bbox 430 1663 542 1749; x_wconf 82' lang='grc' dir='ltr'>οι[6]τοὶ</span> <span class='ocrx_word' id='word_1_19' title='bbox 566 1665 617 1742; x_wconf 81' lang='grc' dir='ltr'>μὲν</span> <span class='ocrx_word' id='word_1_20' title='bbox 641 1662 674 1725; x_wconf 85' lang='grc' dir='ltr'>ἐκ</span> <span class='ocrx_word' id='word_1_21' title='bbox 697 1667 754 1724; x_wconf 85' lang='grc' dir='ltr'>τῶν</span> <span class='ocrx_word' id='word_1_22' title='bbox 778 1664 878 1746; x_wconf 78' lang='grc' dir='ltr'>τάρων</span> <span class='ocrx_word' id='word_1_23' title='bbox 902 1661 1113 1748; x_wconf 76' lang='grc' dir='ltr'>ἐξεβλήθησαν,</span> <span class='ocrx_word' id='word_1_24' title='bbox 1140 1662 1173 1724; x_wconf 87' lang='grc' dir='ltr'>τὸ</span> <span class='ocrx_word' id='word_1_25' title='bbox 1197 1663 1229 1724; x_wconf 83' lang='grc' dir='ltr'>δὲ</span> <span class='ocrx_word' id='word_1_26' title='bbox 1252 1663 1332 1744; x_wconf 81' lang='grc' dir='ltr'>γένος</span> <span class='ocrx_word' id='word_1_27' title='bbox 1355 1660 1452 1726; x_wconf 78' lang='grc' dir='ltr'>αι’ντών</span> 
     </span>
     <span class='ocr_line' id='line_1_5' title="bbox 193 1763 1451 1852; baseline -0.001 -21"><span class='ocrx_word' id='word_1_28' title='bbox 193 1768 296 1852; x_wconf 86' lang='grc' dir='ltr'>ἔφυγεν</span> <span class='ocrx_word' id='word_1_29' title='bbox 313 1770 471 1852; x_wconf 82' lang='grc' dir='ltr'>ἀειφυγίαν.</span> <span class='ocrx_word' id='word_1_30' title='bbox 503 1765 723 1852; x_wconf 81' lang='grc' dir='ltr'>Ἐ[πι]μενίδης</span> <span class='ocrx_word' id='word_1_31' title='bbox 740 1765 766 1830; x_wconf 81' lang='grc' dir='ltr'>δ’</span> <span class='ocrx_word' id='word_1_32' title='bbox 787 1763 901 1849; x_wconf 81' lang='grc' dir='ltr'>δΚρὴς</span> <span class='ocrx_word' id='word_1_33' title='bbox 925 1766 973 1828; x_wconf 82' lang='grc' dir='ltr'>ἐπὶ</span> <span class='ocrx_word' id='word_1_34' title='bbox 996 1766 1108 1834; x_wconf 81' lang='grc' dir='ltr'>τούτοις</span> <span class='ocrx_word' id='word_1_35' title='bbox 1130 1766 1259 1851; x_wconf 83' lang='grc' dir='ltr'>ἐκάθηρε</span> <span class='ocrx_word' id='word_1_36' title='bbox 1283 1769 1334 1851; x_wconf 80' lang='grc' dir='ltr'>την</span> <span class='ocrx_word' id='word_1_37' title='bbox 1357 1765 1451 1830; x_wconf 78' lang='grc' dir='ltr'>πόλιν.</span> 
     </span>
    </p>

    <p class='ocr_par' dir='ltr' id='par_1_4' title="bbox 279 1869 1506 1956">
     <span class='ocr_line' id='line_1_6' title="bbox 279 1869 1506 1956; baseline -0.002 -19"><span class='ocrx_word' id='word_1_38' title='bbox 279 1873 317 1937; x_wconf 87' lang='grc' dir='ltr'>ΙΙ.</span> <span class='ocrx_word' id='word_1_39' title='bbox 342 1874 416 1956; x_wconf 84' lang='grc' dir='ltr'>μετὰ</span> <span class='ocrx_word' id='word_1_40' title='bbox 439 1874 471 1936; x_wconf 84' lang='grc' dir='ltr'>δὲ</span> <span class='ocrx_word' id='word_1_41' title='bbox 494 1876 583 1934; x_wconf 80' lang='grc' dir='ltr'>ταῦτα</span> <span class='ocrx_word' id='word_1_42' title='bbox 607 1873 716 1956; x_wconf 79' lang='grc' dir='ltr'>συνέβη</span> <span class='ocrx_word' id='word_1_43' title='bbox 741 1872 895 1934; x_wconf 83' lang='grc' dir='ltr'>στασιάσαι</span> <span class='ocrx_word' id='word_1_44' title='bbox 917 1871 983 1938; x_wconf 85' lang='grc' dir='ltr'>τούς</span> <span class='ocrx_word' id='word_1_45' title='bbox 1006 1893 1037 1932; x_wconf 92' lang='grc' dir='ltr'>τε</span> <span class='ocrx_word' id='word_1_46' title='bbox 1053 1869 1213 1953; x_wconf 71' lang='grc' dir='ltr'>γνωρίμους</span> <span class='ocrx_word' id='word_1_47' title='bbox 1229 1871 1276 1932; x_wconf 88' lang='grc' dir='ltr'>καὶ</span> <span class='ocrx_word' id='word_1_48' title='bbox 1293 1873 1325 1933; x_wconf 92' lang='grc' dir='ltr'>τδ</span> <span class='ocrx_word' id='word_1_49' title='bbox 1341 1872 1455 1954; x_wconf 77' lang='grc' dir='ltr'>πλῆθος</span> <span class='ocrx_word' id='word_1_50' title='bbox 1495 1877 1506 1935; x_wconf 91' lang='lat' dir='ltr'>i</span> 
     </span>
    </p>

    <p class='ocr_par' dir='ltr' id='par_1_5' title="bbox 149 1972 1507 2686">
     <span class='ocr_line' id='line_1_7' title="bbox 159 1972 1507 2062; baseline 0.001 -24"><span class='ocrx_word' id='word_1_51' title='bbox 159 1976 281 2044; x_wconf 71' lang='grc' dir='ltr'>οπολδν</span> <span class='ocrx_word' id='word_1_52' title='bbox 315 1977 421 2059; x_wconf 87' lang='grc' dir='ltr'>χρόνον</span> <span class='ocrx_word' id='word_1_53' title='bbox 456 1973 515 2062; x_wconf 59' lang='lat' dir='ltr'>{rou</span> <span class='ocrx_word' id='word_1_54' title='bbox 549 1972 665 2059; x_wconf 66' lang='lat' dir='ltr'>6?pr</span> <span class='ocrx_word' id='word_1_55' title='bbox 753 1973 789 2058; x_wconf 74' lang='grc' dir='ltr'>ἦν</span> <span class='ocrx_word' id='word_1_56' title='bbox 817 1976 871 2058; x_wconf 87' lang='grc' dir='ltr'>γάρ</span> <span class='ocrx_word' id='word_1_57' title='bbox 900 1973 996 2036; x_wconf 81' lang='grc' dir='ltr'>αὐτῶν</span> <span class='ocrx_word' id='word_1_58' title='bbox 1024 1975 1043 2054; x_wconf 78' lang='grc' dir='ltr'>ἡ</span> <span class='ocrx_word' id='word_1_59' title='bbox 1067 1973 1197 2035; x_wconf 85' lang='grc' dir='ltr'>πολιτεία</span> <span class='ocrx_word' id='word_1_60' title='bbox 1221 1977 1279 2041; x_wconf 87' lang='grc' dir='ltr'>τοῖς</span> <span class='ocrx_word' id='word_1_61' title='bbox 1302 1997 1333 2037; x_wconf 84' lang='grc' dir='ltr'>τε</span> <span class='ocrx_word' id='word_1_62' title='bbox 1355 1973 1453 2044; x_wconf 81' lang='grc' dir='ltr'>ἄλλοις</span> <span class='ocrx_word' id='word_1_63' title='bbox 1490 1984 1507 2040; x_wconf 81' lang='grc'>2</span> 
     </span>
     <span class='ocr_line' id='line_1_8' title="bbox 194 2076 1454 2165; baseline -0.002 -21"><span class='ocrx_word' id='word_1_64' title='bbox 194 2081 368 2165; x_wconf 64' lang='grc' dir='ltr'>ὀλιγαρχικά,</span> <span class='ocrx_word' id='word_1_65' title='bbox 391 2083 471 2158; x_wconf 82' lang='grc' dir='ltr'>πᾶσι,</span> <span class='ocrx_word' id='word_1_66' title='bbox 494 2080 543 2143; x_wconf 87' lang='grc' dir='ltr'>καὶ</span> <span class='ocrx_word' id='word_1_67' title='bbox 566 2081 602 2161; x_wconf 84' lang='grc' dir='ltr'>δὴ</span> <span class='ocrx_word' id='word_1_68' title='bbox 628 2079 674 2140; x_wconf 86' lang='grc' dir='ltr'>καὶ</span> <span class='ocrx_word' id='word_1_69' title='bbox 697 2077 850 2140; x_wconf 78' lang='grc' dir='ltr'>ἐδούλευον</span> <span class='ocrx_word' id='word_1_70' title='bbox 873 2079 900 2140; x_wconf 90' lang='grc' dir='ltr'>οἱ</span> <span class='ocrx_word' id='word_1_71' title='bbox 917 2076 1039 2160; x_wconf 85' lang='grc' dir='ltr'>πένητες</span> <span class='ocrx_word' id='word_1_72' title='bbox 1062 2082 1120 2145; x_wconf 90' lang='grc' dir='ltr'>τοῖς</span> <span class='ocrx_word' id='word_1_73' title='bbox 1137 2077 1285 2145; x_wconf 84' lang='grc' dir='ltr'>πλουσίοις</span> <span class='ocrx_word' id='word_1_74' title='bbox 1308 2079 1355 2139; x_wconf 87' lang='grc' dir='ltr'>καὶ</span> <span class='ocrx_word' id='word_1_75' title='bbox 1371 2078 1454 2142; x_wconf 81' lang='grc' dir='ltr'>αὐτοὶ</span> 
     </span>
     <span class='ocr_line' id='line_1_9' title="bbox 194 2180 1454 2271; baseline -0.002 -23"><span class='ocrx_word' id='word_1_76' title='bbox 194 2186 241 2248; x_wconf 82' lang='grc' dir='ltr'>καλ</span> <span class='ocrx_word' id='word_1_77' title='bbox 264 2183 300 2247; x_wconf 84' lang='grc' dir='ltr'>τὰ</span> <span class='ocrx_word' id='word_1_78' title='bbox 323 2183 409 2246; x_wconf 84' lang='grc' dir='ltr'>τέκνα</span> <span class='ocrx_word' id='word_1_79' title='bbox 431 2185 479 2246; x_wconf 79' lang='grc' dir='ltr'>καὶ</span> <span class='ocrx_word' id='word_1_80' title='bbox 502 2184 532 2246; x_wconf 82' lang='grc' dir='ltr'>αἱ</span> <span class='ocrx_word' id='word_1_81' title='bbox 553 2187 695 2271; x_wconf 74' lang='grc' dir='ltr'>γρναῖκετ.</span> <span class='ocrx_word' id='word_1_82' title='bbox 733 2186 780 2245; x_wconf 85' lang='grc' dir='ltr'>καὶ</span> <span class='ocrx_word' id='word_1_83' title='bbox 803 2181 960 2245; x_wconf 79' lang='grc' dir='ltr'>ἐκαλοῦντο</span> <span class='ocrx_word' id='word_1_84' title='bbox 980 2182 1102 2242; x_wconf 81' lang='grc' dir='ltr'>πελάται</span> <span class='ocrx_word' id='word_1_85' title='bbox 1122 2181 1171 2243; x_wconf 78' lang='grc' dir='ltr'>καὶ</span> <span class='ocrx_word' id='word_1_86' title='bbox 1187 2180 1357 2264; x_wconf 78' lang='grc' dir='ltr'>ἐκτήμοροι·</span> <span class='ocrx_word' id='word_1_87' title='bbox 1380 2184 1454 2245; x_wconf 80' lang='grc' dir='ltr'>κατὰ</span> 
     </span>
     <span class='ocr_line' id='line_1_10' title="bbox 196 2276 1456 2372; baseline -0.002 -21"><span class='ocrx_word' id='word_1_88' title='bbox 196 2288 300 2371; x_wconf 82' lang='grc' dir='ltr'>ταύτην</span> <span class='ocrx_word' id='word_1_89' title='bbox 323 2288 378 2372; x_wconf 75' lang='grc' dir='ltr'>γάρ</span> <span class='ocrx_word' id='word_1_90' title='bbox 400 2289 453 2370; x_wconf 86' lang='grc' dir='ltr'>τὴν</span> <span class='ocrx_word' id='word_1_91' title='bbox 481 2276 623 2368; x_wconf 80' lang='grc' dir='ltr'>μίσθωδιν</span> <span class='ocrx_word' id='word_1_92' title='bbox 652 2282 839 2371; x_wconf 51' lang='grc' dir='ltr'>[ἠργάζοντο</span> <span class='ocrx_word' id='word_1_93' title='bbox 863 2292 919 2347; x_wconf 85' lang='grc' dir='ltr'>τῶν</span> <span class='ocrx_word' id='word_1_94' title='bbox 948 2284 1095 2347; x_wconf 88' lang='grc' dir='ltr'>πλουσίων</span> <span class='ocrx_word' id='word_1_95' title='bbox 1123 2285 1189 2351; x_wconf 80' lang='grc' dir='ltr'>τοὺς</span> <span class='ocrx_word' id='word_1_96' title='bbox 1216 2284 1330 2367; x_wconf 80' lang='grc' dir='ltr'>ἀγρούς.</span> <span class='ocrx_word' id='word_1_97' title='bbox 1379 2311 1399 2370; x_wconf 90' lang='grc' dir='ltr'>η</span> <span class='ocrx_word' id='word_1_98' title='bbox 1423 2287 1456 2350; x_wconf 80' lang='grc' dir='ltr'>δὲ</span> 
     </span>
     <span class='ocr_line' id='line_1_11' title="bbox 196 2387 1455 2473; baseline 0 -21"><span class='ocrx_word' id='word_1_99' title='bbox 196 2397 276 2454; x_wconf 86' lang='grc' dir='ltr'>πάσα</span> <span class='ocrx_word' id='word_1_100' title='bbox 302 2396 339 2473; x_wconf 79' lang='grc' dir='ltr'>γῆ</span> <span class='ocrx_word' id='word_1_101' title='bbox 368 2388 403 2453; x_wconf 83' lang='grc' dir='ltr'>δι’</span> <span class='ocrx_word' id='word_1_102' title='bbox 432 2390 536 2472; x_wconf 87' lang='grc' dir='ltr'>δλίγων</span> <span class='ocrx_word' id='word_1_103' title='bbox 563 2387 612 2472; x_wconf 80' lang='grc' dir='ltr'>ἦν·</span> <span class='ocrx_word' id='word_1_104' title='bbox 641 2390 689 2451; x_wconf 85' lang='grc' dir='ltr'>καὶ</span> <span class='ocrx_word' id='word_1_105' title='bbox 717 2390 744 2451; x_wconf 79' lang='grc' dir='ltr'>εἰ</span> <span class='ocrx_word' id='word_1_106' title='bbox 771 2389 811 2471; x_wconf 82' lang='grc' dir='ltr'>μὴ</span> <span class='ocrx_word' id='word_1_107' title='bbox 839 2387 890 2457; x_wconf 87' lang='grc' dir='ltr'>τάς</span> <span class='ocrx_word' id='word_1_108' title='bbox 917 2388 1078 2468; x_wconf 81' lang='grc' dir='ltr'>μισθώσεις</span> <span class='ocrx_word' id='word_1_109' title='bbox 1105 2387 1285 2468; x_wconf 84' lang='grc' dir='ltr'>ἀποδιδοῖεν,</span> <span class='ocrx_word' id='word_1_110' title='bbox 1313 2390 1455 2472; x_wconf 77' lang='grc' dir='ltr'>ἀγώγιμοι</span> 
     </span>
     <span class='ocr_line' id='line_1_12' title="bbox 149 2490 1455 2574; baseline -0.005 -15"><span class='ocrx_word' id='word_1_111' title='bbox 149 2517 177 2564; x_wconf 85' lang='grc' dir='ltr'>ιο</span> <span class='ocrx_word' id='word_1_112' title='bbox 195 2497 242 2559; x_wconf 85' lang='grc' dir='ltr'>καὶ</span> <span class='ocrx_word' id='word_1_113' title='bbox 265 2496 347 2559; x_wconf 86' lang='grc' dir='ltr'>αὐτοὶ</span> <span class='ocrx_word' id='word_1_114' title='bbox 370 2496 418 2557; x_wconf 90' lang='grc' dir='ltr'>καὶ</span> <span class='ocrx_word' id='word_1_115' title='bbox 441 2496 469 2556; x_wconf 85' lang='grc' dir='ltr'>οἱ</span> <span class='ocrx_word' id='word_1_116' title='bbox 492 2495 591 2561; x_wconf 83' lang='grc' dir='ltr'>παῖδες</span> <span class='ocrx_word' id='word_1_117' title='bbox 615 2492 767 2574; x_wconf 87' lang='grc' dir='ltr'>ἐγίγνοντο.</span> <span class='ocrx_word' id='word_1_118' title='bbox 802 2495 848 2555; x_wconf 84' lang='grc' dir='ltr'>καὶ</span> <span class='ocrx_word' id='word_1_119' title='bbox 872 2493 899 2554; x_wconf 87' lang='grc' dir='ltr'>οἱ</span> <span class='ocrx_word' id='word_1_120' title='bbox 916 2492 1064 2573; x_wconf 86' lang='grc' dir='ltr'>δανεισμοὶ</span> <span class='ocrx_word' id='word_1_121' title='bbox 1080 2495 1167 2554; x_wconf 86' lang='grc' dir='ltr'>πᾶσιν</span> <span class='ocrx_word' id='word_1_122' title='bbox 1183 2490 1230 2552; x_wconf 83' lang='grc' dir='ltr'>ἐπὶ</span> <span class='ocrx_word' id='word_1_123' title='bbox 1246 2494 1306 2558; x_wconf 85' lang='grc' dir='ltr'>τοῖς</span> <span class='ocrx_word' id='word_1_124' title='bbox 1323 2495 1455 2574; x_wconf 89' lang='grc' dir='ltr'>σώμασιν</span> 
     </span>
     <span class='ocr_line' id='line_1_13' title="bbox 196 2593 1456 2686; baseline -0.004 -23"><span class='ocrx_word' id='word_1_125' title='bbox 196 2601 269 2686; x_wconf 69' lang='grc' dir='ltr'>ἦσαν</span> <span class='ocrx_word' id='word_1_126' title='bbox 298 2599 385 2683; x_wconf 83' lang='grc' dir='ltr'>μέχρι</span> <span class='ocrx_word' id='word_1_127' title='bbox 412 2597 560 2665; x_wconf 85' lang='grc' dir='ltr'>Σόλωνος·</span> <span class='ocrx_word' id='word_1_128' title='bbox 595 2595 678 2665; x_wconf 82' lang='grc' dir='ltr'>οὗτος</span> <span class='ocrx_word' id='word_1_129' title='bbox 709 2599 741 2660; x_wconf 83' lang='grc' dir='ltr'>δὲ</span> <span class='ocrx_word' id='word_1_130' title='bbox 774 2603 888 2679; x_wconf 88' lang='grc' dir='ltr'>πρώτος</span> <span class='ocrx_word' id='word_1_131' title='bbox 922 2595 1035 2676; x_wconf 80' lang='grc' dir='ltr'>ἐγένετο</span> <span class='ocrx_word' id='word_1_132' title='bbox 1071 2599 1121 2657; x_wconf 81' lang='grc' dir='ltr'>τοῦ</span> <span class='ocrx_word' id='word_1_133' title='bbox 1155 2593 1250 2676; x_wconf 77' lang='grc' dir='ltr'>δήμου</span> <span class='ocrx_word' id='word_1_134' title='bbox 1283 2596 1456 2679; x_wconf 83' lang='grc' dir='ltr'>προστάτης.</span> 
     </span>
    </p>

    <p class='ocr_par' dir='ltr' id='par_1_6' title="bbox 196 2698 1508 2788">
     <span class='ocr_line' id='line_1_14' title="bbox 196 2698 1508 2788; baseline -0.004 -21"><span class='ocrx_word' id='word_1_135' title='bbox 196 2706 405 2788; x_wconf 83' lang='grc' dir='ltr'>χαλεπώτατον</span> <span class='ocrx_word' id='word_1_136' title='bbox 429 2704 481 2785; x_wconf 84' lang='grc' dir='ltr'>μὲν</span> <span class='ocrx_word' id='word_1_137' title='bbox 505 2699 555 2764; x_wconf 83' lang='grc' dir='ltr'>οδν</span> <span class='ocrx_word' id='word_1_138' title='bbox 578 2702 626 2764; x_wconf 85' lang='grc' dir='ltr'>κοιλ</span> <span class='ocrx_word' id='word_1_139' title='bbox 649 2700 821 2784; x_wconf 86' lang='grc' dir='ltr'>πικρότατον</span> <span class='ocrx_word' id='word_1_140' title='bbox 845 2698 880 2784; x_wconf 79' lang='grc' dir='ltr'>ἧν</span> <span class='ocrx_word' id='word_1_141' title='bbox 904 2704 963 2769; x_wconf 85' lang='grc' dir='ltr'>τοῖς</span> <span class='ocrx_word' id='word_1_142' title='bbox 986 2701 1103 2767; x_wconf 89' lang='grc' dir='ltr'>πολλοῖς</span> <span class='ocrx_word' id='word_1_143' title='bbox 1127 2703 1183 2760; x_wconf 85' lang='grc' dir='ltr'>τῶν</span> <span class='ocrx_word' id='word_1_144' title='bbox 1207 2699 1281 2760; x_wconf 78' lang='grc' dir='ltr'>κατὰ</span> <span class='ocrx_word' id='word_1_145' title='bbox 1303 2700 1356 2782; x_wconf 76' lang='grc' dir='ltr'>τὴν</span> <span class='ocrx_word' id='word_1_146' title='bbox 1380 2702 1458 2761; x_wconf 85' lang='grc' dir='ltr'>πολι·</span> <span class='ocrx_word' id='word_1_147' title='bbox 1492 2707 1508 2762; x_wconf 82' lang='grc'><strong>3</strong></span> 
     </span>
    </p>
   </div>
   <div class='ocr_carea' id='block_1_3' title="bbox 140 2848 1537 3915">
    <p class='ocr_par' dir='ltr' id='par_1_7' title="bbox 140 2848 1537 3915">
     <span class='ocr_line' id='line_1_15' title="bbox 228 2848 1510 2951; baseline -0.003 -23"><span class='ocrx_word' id='word_1_148' title='bbox 228 2876 334 2928; x_wconf 81' lang='lat' dir='ltr'>Titulus</span> <span class='ocrx_word' id='word_1_149' title='bbox 353 2875 414 2928; x_wconf 89' lang='lat' dir='ltr'>inL</span> <span class='ocrx_word' id='word_1_150' title='bbox 434 2874 524 2927; x_wconf 86' lang='lat' dir='ltr'>nulius</span> <span class='ocrx_word' id='word_1_151' title='bbox 544 2880 592 2938; x_wconf 84' lang='lat' dir='ltr'>est,</span> <span class='ocrx_word' id='word_1_152' title='bbox 613 2876 708 2927; x_wconf 87' lang='lat' dir='ltr'>nedum</span> <span class='ocrx_word' id='word_1_153' title='bbox 727 2875 755 2926; x_wconf 88' lang='lat' dir='ltr'>in</span> <span class='ocrx_word' id='word_1_154' title='bbox 769 2874 798 2926; x_wconf 91' lang='lat' dir='ltr'>B.</span> <span class='ocrx_word' id='word_1_155' title='bbox 831 2879 903 2926; x_wconf 86' lang='lat' dir='ltr'>extat</span> <span class='ocrx_word' id='word_1_156' title='bbox 922 2869 1121 2943; x_wconf 78' lang='grc' dir='ltr'>(Ἀριστοτέλους</span> <span class='ocrx_word' id='word_1_157' title='bbox 1137 2867 1285 2941; x_wconf 75' lang='grc' dir='ltr'>Ἀθηναίων</span> <span class='ocrx_word' id='word_1_158' title='bbox 1298 2848 1464 2951; x_wconf 53' lang='lat' dir='ltr'>nutritium)</span> <span class='ocrx_word' id='word_1_159' title='bbox 1483 2873 1510 2924; x_wconf 90' lang='lat' dir='ltr'>iu</span> 
     </span>
     <span class='ocr_line' id='line_1_16' title="bbox 143 2959 1511 3032; baseline -0.004 -15"><span class='ocrx_word' id='word_1_160' title='bbox 143 2965 261 3032; x_wconf 80' lang='lat' dir='ltr'>catalogo</span> <span class='ocrx_word' id='word_1_161' title='bbox 281 2969 340 3016; x_wconf 88' lang='lat' dir='ltr'>tert.</span> <span class='ocrx_word' id='word_1_162' title='bbox 361 2980 386 3031; x_wconf 92' lang='lat' dir='ltr'>p.</span> <span class='ocrx_word' id='word_1_163' title='bbox 400 2963 427 3016; x_wconf 87' lang='lat' dir='ltr'>G.</span> <span class='ocrx_word' id='word_1_164' title='bbox 448 2978 515 3015; x_wconf 86' lang='lat' dir='ltr'>saec.</span> <span class='ocrx_word' id='word_1_165' title='bbox 535 2963 657 3028; x_wconf 65' lang='lat' dir='ltr'>(Zindei</span> <span class='ocrx_word' id='word_1_166' title='bbox 677 2963 765 3014; x_wconf 71' lang='grc' dir='ltr'>Κλεώ.</span> <span class='ocrx_word' id='word_1_167' title='bbox 789 2963 854 3014; x_wconf 77' lang='lat' dir='ltr'>Mae.</span> <span class='ocrx_word' id='word_1_168' title='bbox 879 2961 952 3025; x_wconf 78' lang='grc'>1866,</span> <span class='ocrx_word' id='word_1_169' title='bbox 973 2978 997 3029; x_wconf 90' lang='lat' dir='ltr'>p.</span> <span class='ocrx_word' id='word_1_170' title='bbox 1011 2960 1081 3025; x_wconf 76' lang='lat'>432),</span> <span class='ocrx_word' id='word_1_171' title='bbox 1105 2976 1183 3029; x_wconf 87' lang='lat' dir='ltr'>quem</span> <span class='ocrx_word' id='word_1_172' title='bbox 1209 2976 1242 3013; x_wconf 82' lang='lat' dir='ltr'>ex</span> <span class='ocrx_word' id='word_1_173' title='bbox 1265 2962 1323 3028; x_wconf 90' lang='lat' dir='ltr'>ipso</span> <span class='ocrx_word' id='word_1_174' title='bbox 1347 2959 1424 3012; x_wconf 89' lang='lat' dir='ltr'>titulo</span> <span class='ocrx_word' id='word_1_175' title='bbox 1450 2959 1511 3012; x_wconf 87' lang='lat' dir='ltr'>libri</span> 
     </span>
     <span class='ocr_line' id='line_1_17' title="bbox 145 3049 1537 3120; baseline -0.004 -15"><span class='ocrx_word' id='word_1_176' title='bbox 145 3053 331 3120; x_wconf 77' lang='lat' dir='ltr'>transcriptum</span> <span class='ocrx_word' id='word_1_177' title='bbox 350 3068 407 3104; x_wconf 84' lang='lat' dir='ltr'>esse</span> <span class='ocrx_word' id='word_1_178' title='bbox 428 3052 569 3104; x_wconf 86' lang='lat' dir='ltr'>verisimile</span> <span class='ocrx_word' id='word_1_179' title='bbox 588 3056 640 3114; x_wconf 85' lang='lat' dir='ltr'>est;</span> <span class='ocrx_word' id='word_1_180' title='bbox 660 3051 719 3117; x_wconf 88' lang='lat' dir='ltr'>pins</span> <span class='ocrx_word' id='word_1_181' title='bbox 739 3051 915 3119; x_wconf 76' lang='lat' dir='ltr'>quinquagies</span> <span class='ocrx_word' id='word_1_182' title='bbox 934 3051 1004 3117; x_wconf 85' lang='lat' dir='ltr'>apud</span> <span class='ocrx_word' id='word_1_183' title='bbox 1018 3050 1261 3118; x_wconf 73' lang='lat' dir='ltr'>Harpocrationem</span> <span class='ocrx_word' id='word_1_184' title='bbox 1281 3049 1363 3101; x_wconf 81' lang='lat' dir='ltr'>vicies</span> <span class='ocrx_word' id='word_1_185' title='bbox 1376 3053 1403 3100; x_wconf 87' lang='lat' dir='ltr'>et</span> <span class='ocrx_word' id='word_1_186' title='bbox 1421 3053 1514 3115; x_wconf 83' lang='lat' dir='ltr'>quater</span> <span class='ocrx_word' id='word_1_187' title='bbox 1535 3080 1537 3084; x_wconf 20' lang='grc' dir='ltr'><em>Α</em></span> 
     </span>
     <span class='ocr_line' id='line_1_18' title="bbox 144 3133 1513 3212; baseline -0.004 -19"><span class='ocrx_word' id='word_1_188' title='bbox 144 3157 201 3193; x_wconf 86' lang='lat' dir='ltr'>eum</span> <span class='ocrx_word' id='word_1_189' title='bbox 215 3141 326 3193; x_wconf 82' lang='lat' dir='ltr'>articulo</span> <span class='ocrx_word' id='word_1_190' title='bbox 346 3136 414 3210; x_wconf 82' lang='grc' dir='ltr'>(Ἀρ.</span> <span class='ocrx_word' id='word_1_191' title='bbox 429 3141 455 3192; x_wconf 82' lang='grc' dir='ltr'>ἐν</span> <span class='ocrx_word' id='word_1_192' title='bbox 468 3143 502 3212; x_wconf 73' lang='grc' dir='ltr'>τη</span> <span class='ocrx_word' id='word_1_193' title='bbox 513 3136 571 3191; x_wconf 81' lang='grc' dir='ltr'>Ἀθ.</span> <span class='ocrx_word' id='word_1_194' title='bbox 586 3138 661 3203; x_wconf 86' lang='grc' dir='ltr'>πολ),</span> <span class='ocrx_word' id='word_1_195' title='bbox 682 3139 763 3191; x_wconf 78' lang='lat' dir='ltr'>vicies</span> <span class='ocrx_word' id='word_1_196' title='bbox 783 3144 809 3191; x_wconf 87' lang='lat' dir='ltr'>et</span> <span class='ocrx_word' id='word_1_197' title='bbox 829 3139 970 3208; x_wconf 80' lang='lat' dir='ltr'>quinquies</span> <span class='ocrx_word' id='word_1_198' title='bbox 989 3140 1046 3190; x_wconf 89' lang='lat' dir='ltr'>sine</span> <span class='ocrx_word' id='word_1_199' title='bbox 1065 3144 1113 3191; x_wconf 87' lang='lat' dir='ltr'>art.</span> <span class='ocrx_word' id='word_1_200' title='bbox 1132 3133 1197 3208; x_wconf 78' lang='grc' dir='ltr'>(Ἀρ.</span> <span class='ocrx_word' id='word_1_201' title='bbox 1210 3137 1236 3189; x_wconf 79' lang='grc' dir='ltr'>ἐν</span> <span class='ocrx_word' id='word_1_202' title='bbox 1254 3134 1313 3190; x_wconf 84' lang='grc' dir='ltr'>Ἀθ.</span> <span class='ocrx_word' id='word_1_203' title='bbox 1327 3135 1404 3200; x_wconf 86' lang='grc' dir='ltr'>πολ),</span> <span class='ocrx_word' id='word_1_204' title='bbox 1424 3137 1464 3188; x_wconf 83' lang='lat' dir='ltr'>bis</span> <span class='ocrx_word' id='word_1_205' title='bbox 1482 3135 1513 3188; x_wconf 75' lang='lat' dir='ltr'>ia</span> 
     </span>
     <span class='ocr_line' id='line_1_19' title="bbox 143 3223 1512 3299; baseline -0.002 -18"><span class='ocrx_word' id='word_1_206' title='bbox 143 3234 189 3298; x_wconf 73' lang='grc' dir='ltr'>τῆς</span> <span class='ocrx_word' id='word_1_207' title='bbox 206 3225 395 3299; x_wconf 79' lang='grc' dir='ltr'>Ἀριστοτέλους</span> <span class='ocrx_word' id='word_1_208' title='bbox 410 3223 468 3279; x_wconf 84' lang='grc' dir='ltr'>Ἀθ.</span> <span class='ocrx_word' id='word_1_209' title='bbox 488 3226 544 3279; x_wconf 87' lang='grc' dir='ltr'>πολ.</span> <span class='ocrx_word' id='word_1_210' title='bbox 582 3229 713 3295; x_wconf 85' lang='lat' dir='ltr'>reperitur</span> <span class='ocrx_word' id='word_1_211' title='bbox 734 3229 812 3279; x_wconf 89' lang='lat' dir='ltr'>etiam</span> <span class='ocrx_word' id='word_1_212' title='bbox 838 3244 895 3279; x_wconf 89' lang='lat' dir='ltr'>cnm</span> <span class='ocrx_word' id='word_1_213' title='bbox 920 3225 1032 3279; x_wconf 87' lang='lat' dir='ltr'>articulo</span> <span class='ocrx_word' id='word_1_214' title='bbox 1057 3226 1086 3278; x_wconf 92' lang='lat' dir='ltr'>in</span> <span class='ocrx_word' id='word_1_215' title='bbox 1105 3226 1155 3278; x_wconf 83' lang='lat' dir='ltr'>iux.</span> <span class='ocrx_word' id='word_1_216' title='bbox 1176 3227 1241 3278; x_wconf 87' lang='lat' dir='ltr'>rhet.</span> <span class='ocrx_word' id='word_1_217' title='bbox 1261 3224 1384 3278; x_wconf 85' lang='lat' dir='ltr'>Cuntabr.</span> <span class='ocrx_word' id='word_1_218' title='bbox 1404 3223 1512 3286; x_wconf 62' lang='lat'><strong>6672&amp;</strong></span> 
     </span>
     <span class='ocr_line' id='line_1_20' title="bbox 144 3311 1512 3382; baseline -0.005 -12"><span class='ocrx_word' id='word_1_219' title='bbox 144 3317 251 3382; x_wconf 74' lang='lat'><strong>67⁰,30;</strong></span> <span class='ocrx_word' id='word_1_220' title='bbox 271 3316 380 3379; x_wconf 74' lang='lat'>672‚·20;</span> <span class='ocrx_word' id='word_1_221' title='bbox 400 3315 491 3382; x_wconf 81' lang='grc'>674,7;</span> <span class='ocrx_word' id='word_1_222' title='bbox 511 3316 562 3367; x_wconf 81' lang='lat' dir='ltr'>lex.</span> <span class='ocrx_word' id='word_1_223' title='bbox 582 3315 654 3367; x_wconf 90' lang='lat' dir='ltr'>Dem.</span> <span class='ocrx_word' id='word_1_224' title='bbox 674 3315 756 3367; x_wconf 91' lang='lat' dir='ltr'>Patm.</span> <span class='ocrx_word' id='word_1_225' title='bbox 781 3316 837 3379; x_wconf 78' lang='lat'>15‘2,</span> <span class='ocrx_word' id='word_1_226' title='bbox 857 3316 939 3368; x_wconf 84' lang='lat' dir='ltr'>schol.</span> <span class='ocrx_word' id='word_1_227' title='bbox 959 3316 986 3366; x_wconf 92' lang='lat' dir='ltr'>in</span> <span class='ocrx_word' id='word_1_228' title='bbox 1005 3314 1142 3382; x_wconf 64' lang='lat' dir='ltr'>aristoph.</span> <span class='ocrx_word' id='word_1_229' title='bbox 1160 3314 1231 3366; x_wconf 91' lang='lat' dir='ltr'>Plut.</span> <span class='ocrx_word' id='word_1_230' title='bbox 1250 3312 1311 3379; x_wconf 73' lang='lat'><strong>278,</strong></span> <span class='ocrx_word' id='word_1_231' title='bbox 1330 3313 1429 3365; x_wconf 82' lang='lat' dir='ltr'>Zenob.</span> <span class='ocrx_word' id='word_1_232' title='bbox 1443 3311 1512 3379; x_wconf 65' lang='lat'><strong>6:29,</strong></span> 
     </span>
     <span class='ocr_line' id='line_1_21' title="bbox 144 3401 1515 3473; baseline -0.004 -16"><span class='ocrx_word' id='word_1_233' title='bbox 144 3405 229 3473; x_wconf 80' lang='lat' dir='ltr'>Etym.</span> <span class='ocrx_word' id='word_1_234' title='bbox 248 3405 315 3472; x_wconf 76' lang='lat' dir='ltr'>Mag.</span> <span class='ocrx_word' id='word_1_235' title='bbox 336 3404 444 3469; x_wconf 82' lang='lat'>468‚56;</span> <span class='ocrx_word' id='word_1_236' title='bbox 473 3406 530 3456; x_wconf 86' lang='lat' dir='ltr'>sine</span> <span class='ocrx_word' id='word_1_237' title='bbox 555 3410 603 3455; x_wconf 84' lang='lat' dir='ltr'>art.</span> <span class='ocrx_word' id='word_1_238' title='bbox 626 3405 654 3455; x_wconf 93' lang='lat' dir='ltr'>in</span> <span class='ocrx_word' id='word_1_239' title='bbox 677 3405 757 3456; x_wconf 83' lang='lat' dir='ltr'>sehoi.</span> <span class='ocrx_word' id='word_1_240' title='bbox 783 3406 809 3456; x_wconf 85' lang='lat' dir='ltr'>in</span> <span class='ocrx_word' id='word_1_241' title='bbox 835 3405 880 3456; x_wconf 82' lang='lat' dir='ltr'>Ar.</span> <span class='ocrx_word' id='word_1_242' title='bbox 906 3404 970 3455; x_wconf 84' lang='lat' dir='ltr'>Aeh.</span> <span class='ocrx_word' id='word_1_243' title='bbox 989 3401 1049 3468; x_wconf 73' lang='lat'>234,</span> <span class='ocrx_word' id='word_1_244' title='bbox 1075 3402 1172 3470; x_wconf 78' lang='lat' dir='ltr'>Lysiet.</span> <span class='ocrx_word' id='word_1_245' title='bbox 1192 3402 1252 3454; x_wconf 88' lang='grc'>666.</span> <span class='ocrx_word' id='word_1_246' title='bbox 1293 3402 1374 3453; x_wconf 88' lang='lat' dir='ltr'>semei</span> <span class='ocrx_word' id='word_1_247' title='bbox 1401 3401 1515 3453; x_wconf 85' lang='lat' dir='ltr'>occurrit</span> 
     </span>
     <span class='ocr_line' id='line_1_22' title="bbox 140 3484 1514 3563; baseline -0.003 -19"><span class='ocrx_word' id='word_1_248' title='bbox 140 3491 317 3563; x_wconf 76' lang='grc' dir='ltr'>Ἀριστοτέλης</span> <span class='ocrx_word' id='word_1_249' title='bbox 335 3493 361 3545; x_wconf 79' lang='grc' dir='ltr'>δν</span> <span class='ocrx_word' id='word_1_250' title='bbox 380 3494 413 3563; x_wconf 73' lang='grc' dir='ltr'>τῇ</span> <span class='ocrx_word' id='word_1_251' title='bbox 430 3493 542 3562; x_wconf 71' lang='grc' dir='ltr'>πολιτείᾳ</span> <span class='ocrx_word' id='word_1_252' title='bbox 561 3499 613 3544; x_wconf 83' lang='grc' dir='ltr'>τῶν</span> <span class='ocrx_word' id='word_1_253' title='bbox 630 3488 776 3562; x_wconf 79' lang='grc' dir='ltr'>Ἀθηναίων</span> <span class='ocrx_word' id='word_1_254' title='bbox 795 3496 862 3561; x_wconf 78' lang='lat' dir='ltr'>(arg.</span> <span class='ocrx_word' id='word_1_255' title='bbox 881 3494 914 3544; x_wconf 87' lang='lat' dir='ltr'>ad</span> <span class='ocrx_word' id='word_1_256' title='bbox 933 3491 1013 3545; x_wconf 84' lang='lat' dir='ltr'>Isocr.</span> <span class='ocrx_word' id='word_1_257' title='bbox 1032 3492 1184 3560; x_wconf 76' lang='lat' dir='ltr'>Areopag‚);</span> <span class='ocrx_word' id='word_1_258' title='bbox 1203 3490 1285 3543; x_wconf 85' lang='lat' dir='ltr'>semel</span> <span class='ocrx_word' id='word_1_259' title='bbox 1306 3491 1375 3561; x_wconf 73' lang='grc' dir='ltr'>ἔντη</span> <span class='ocrx_word' id='word_1_260' title='bbox 1390 3484 1514 3542; x_wconf 81' lang='grc' dir='ltr'>τώνἈθ.</span> 
     </span>
     <span class='ocr_line' id='line_1_23' title="bbox 145 3579 1478 3648; baseline -0.004 -14"><span class='ocrx_word' id='word_1_261' title='bbox 145 3582 201 3636; x_wconf 88' lang='grc' dir='ltr'>πολ.</span> <span class='ocrx_word' id='word_1_262' title='bbox 220 3583 313 3648; x_wconf 79' lang='lat' dir='ltr'>(schol.</span> <span class='ocrx_word' id='word_1_263' title='bbox 332 3583 360 3635; x_wconf 91' lang='lat' dir='ltr'>in</span> <span class='ocrx_word' id='word_1_264' title='bbox 380 3584 424 3634; x_wconf 77' lang='lat' dir='ltr'>Ar.</span> <span class='ocrx_word' id='word_1_265' title='bbox 445 3583 491 3633; x_wconf 81' lang='grc' dir='ltr'>Αν.</span> <span class='ocrx_word' id='word_1_266' title='bbox 514 3581 593 3645; x_wconf 83' lang='grc'>1354)</span> <span class='ocrx_word' id='word_1_267' title='bbox 738 3583 750 3634; x_wconf 90' lang='lat' dir='ltr'>l</span> <span class='ocrx_word' id='word_1_268' title='bbox 772 3581 954 3648; x_wconf 85' lang='lat' dir='ltr'>suprascripta</span> <span class='ocrx_word' id='word_1_269' title='bbox 973 3588 1013 3633; x_wconf 90' lang='lat' dir='ltr'>est</span> <span class='ocrx_word' id='word_1_270' title='bbox 1032 3579 1120 3632; x_wconf 90' lang='lat' dir='ltr'>littera</span> <span class='ocrx_word' id='word_1_271' title='bbox 1140 3581 1171 3644; x_wconf 86' lang='grc' dir='ltr'>Α,</span> <span class='ocrx_word' id='word_1_272' title='bbox 1195 3580 1327 3646; x_wconf 89' lang='lat' dir='ltr'>scriptura</span> <span class='ocrx_word' id='word_1_273' title='bbox 1350 3579 1478 3630; x_wconf 79' lang='lat' dir='ltr'>crassiore</span> 
     </span>
     <span class='ocr_line' id='line_1_24' title="bbox 144 3665 1515 3739; baseline -0.003 -17"><span class='ocrx_word' id='word_1_274' title='bbox 144 3668 377 3739; x_wconf 65' lang='grc' dir='ltr'>καταγνωσθέντος]</span> <span class='ocrx_word' id='word_1_275' title='bbox 396 3667 490 3738; x_wconf 83' lang='grc' dir='ltr'>θορθεν</span> <span class='ocrx_word' id='word_1_276' title='bbox 510 3685 641 3736; x_wconf 81' lang='lat' dir='ltr'>suprascr.</span> <span class='ocrx_word' id='word_1_277' title='bbox 662 3669 702 3734; x_wconf 82' lang='lat' dir='ltr'>L1,</span> <span class='ocrx_word' id='word_1_278' title='bbox 721 3686 757 3722; x_wconf 86' lang='lat' dir='ltr'>sc.</span> <span class='ocrx_word' id='word_1_279' title='bbox 777 3666 948 3736; x_wconf 85' lang='grc' dir='ltr'>καθαρθέντος</span> <span class='ocrx_word' id='word_1_280' title='bbox 1060 3668 1076 3720; x_wconf 82' lang='lat'>5</span> <span class='ocrx_word' id='word_1_281' title='bbox 1095 3667 1139 3719; x_wconf 88' lang='grc' dir='ltr'>τὸν</span> <span class='ocrx_word' id='word_1_282' title='bbox 1157 3665 1250 3736; x_wconf 74' lang='grc' dir='ltr'>δῆμον]</span> <span class='ocrx_word' id='word_1_283' title='bbox 1270 3665 1419 3732; x_wconf 87' lang='lat' dir='ltr'>delendum,</span> <span class='ocrx_word' id='word_1_284' title='bbox 1437 3665 1515 3733; x_wconf 88' lang='lat' dir='ltr'>quasi</span> 
     </span>
     <span class='ocr_line' id='line_1_25' title="bbox 146 3753 1479 3828; baseline -0.005 -16"><span class='ocrx_word' id='word_1_285' title='bbox 146 3761 353 3812; x_wconf 77' lang='lat' dir='ltr'>emendationem</span> <span class='ocrx_word' id='word_1_286' title='bbox 367 3761 398 3810; x_wconf 84' lang='lat' dir='ltr'>ad</span> <span class='ocrx_word' id='word_1_287' title='bbox 413 3757 442 3810; x_wconf 85' lang='grc' dir='ltr'>τὸ</span> <span class='ocrx_word' id='word_1_288' title='bbox 455 3757 553 3828; x_wconf 75' lang='grc' dir='ltr'>πλῆθος</span> <span class='ocrx_word' id='word_1_289' title='bbox 566 3758 593 3809; x_wconf 93' lang='lat' dir='ltr'>in</span> <span class='ocrx_word' id='word_1_290' title='bbox 607 3758 747 3825; x_wconf 77' lang='lat' dir='ltr'>archetypo</span> <span class='ocrx_word' id='word_1_291' title='bbox 761 3757 875 3810; x_wconf 79' lang='lat' dir='ltr'>additam</span> <span class='ocrx_word' id='word_1_292' title='bbox 949 3758 964 3808; x_wconf 82' lang='lat' dir='ltr'>u</span> <span class='ocrx_word' id='word_1_293' title='bbox 978 3757 1044 3823; x_wconf 88' lang='grc' dir='ltr'>κ(αὶ)</span> <span class='ocrx_word' id='word_1_294' title='bbox 1058 3766 1118 3824; x_wconf 92' lang='lat' dir='ltr'>post</span> <span class='ocrx_word' id='word_1_295' title='bbox 1130 3755 1160 3825; x_wconf 72' lang='grc' dir='ltr'>δὴ</span> <span class='ocrx_word' id='word_1_296' title='bbox 1175 3771 1224 3808; x_wconf 89' lang='lat' dir='ltr'>om.</span> <span class='ocrx_word' id='word_1_297' title='bbox 1239 3754 1282 3821; x_wconf 79' lang='lat' dir='ltr'>L&#39;,</span> <span class='ocrx_word' id='word_1_298' title='bbox 1301 3770 1433 3822; x_wconf 85' lang='lat' dir='ltr'>suprascr.</span> <span class='ocrx_word' id='word_1_299' title='bbox 1448 3753 1479 3805; x_wconf 87' lang='lat' dir='ltr'>L¹</span> 
     </span>
     <span class='ocr_line' id='line_1_26' title="bbox 148 3845 752 3915; baseline -0.005 -16"><span class='ocrx_word' id='word_1_300' title='bbox 148 3847 181 3900; x_wconf 90' lang='lat'>10</span> <span class='ocrx_word' id='word_1_301' title='bbox 198 3864 308 3915; x_wconf 88' lang='grc' dir='ltr'>εγινοντο</span> <span class='ocrx_word' id='word_1_302' title='bbox 327 3846 360 3908; x_wconf 76' lang='grc'>1’.;</span> <span class='ocrx_word' id='word_1_303' title='bbox 382 3847 413 3899; x_wconf 88' lang='lat' dir='ltr'>ci.</span> <span class='ocrx_word' id='word_1_304' title='bbox 433 3847 602 3900; x_wconf 77' lang='lat' dir='ltr'>Meisterhans</span> <span class='ocrx_word' id='word_1_305' title='bbox 623 3847 641 3908; x_wconf 81' lang='lat'>³,</span> <span class='ocrx_word' id='word_1_306' title='bbox 662 3862 688 3914; x_wconf 91' lang='lat' dir='ltr'>p.</span> <span class='ocrx_word' id='word_1_307' title='bbox 704 3845 752 3897; x_wconf 79' lang='lat' dir='ltr'>lii</span> 
     </span>
    </p>
   </div>
   <div class='ocr_carea' id='block_1_4' title="bbox 78 3983 1520 5014">
    <p class='ocr_par' dir='ltr' id='par_1_8' title="bbox 144 3983 1518 4408">
     <span class='ocr_line' id='line_1_27' title="bbox 234 3983 1515 4056; baseline 0.001 -19"><span class='ocrx_word' id='word_1_308' title='bbox 234 3985 399 4038; x_wconf 78' lang='lat' dir='ltr'>Tuarruourn</span> <span class='ocrx_word' id='word_1_309' title='bbox 435 3984 518 4053; x_wconf 86' lang='lat' dir='ltr'>6eqq.</span> <span class='ocrx_word' id='word_1_310' title='bbox 539 3987 608 4040; x_wconf 87' lang='lat' dir='ltr'>Piut.</span> <span class='ocrx_word' id='word_1_311' title='bbox 629 3986 682 4039; x_wconf 84' lang='lat' dir='ltr'>Sol.</span> <span class='ocrx_word' id='word_1_312' title='bbox 699 3986 730 4038; x_wconf 86' lang='lat'>13</span> <span class='ocrx_word' id='word_1_313' title='bbox 757 3985 823 4044; x_wconf 80' lang='grc' dir='ltr'>ἅπας</span> <span class='ocrx_word' id='word_1_314' title='bbox 841 3990 887 4054; x_wconf 79' lang='grc' dir='ltr'>μὲν</span> <span class='ocrx_word' id='word_1_315' title='bbox 907 3988 952 4056; x_wconf 78' lang='grc' dir='ltr'>γάρ</span> <span class='ocrx_word' id='word_1_316' title='bbox 972 3985 986 4038; x_wconf 87' lang='grc' dir='ltr'>ό</span> <span class='ocrx_word' id='word_1_317' title='bbox 1005 3986 1084 4054; x_wconf 78' lang='grc' dir='ltr'>δῆμος</span> <span class='ocrx_word' id='word_1_318' title='bbox 1106 3983 1138 4055; x_wconf 71' lang='grc' dir='ltr'>ἢν</span> <span class='ocrx_word' id='word_1_319' title='bbox 1157 3983 1289 4056; x_wconf 83' lang='grc' dir='ltr'>ίιπόχρειυς</span> <span class='ocrx_word' id='word_1_320' title='bbox 1307 3989 1360 4036; x_wconf 88' lang='grc' dir='ltr'>τών</span> <span class='ocrx_word' id='word_1_321' title='bbox 1379 3983 1515 4038; x_wconf 86' lang='grc' dir='ltr'>πλουσίων.</span> 
     </span>
     <span class='ocr_line' id='line_1_28' title="bbox 144 4071 1515 4144; baseline 0.001 -19"><span class='ocrx_word' id='word_1_322' title='bbox 144 4071 227 4144; x_wconf 73' lang='grc' dir='ltr'>ἡγὰρ</span> <span class='ocrx_word' id='word_1_323' title='bbox 245 4073 385 4143; x_wconf 76' lang='grc' dir='ltr'>ἐγεώργουν</span> <span class='ocrx_word' id='word_1_324' title='bbox 404 4074 507 4132; x_wconf 81' lang='grc' dir='ltr'>ἐκείνοις</span> <span class='ocrx_word' id='word_1_325' title='bbox 526 4075 589 4127; x_wconf 83' lang='grc' dir='ltr'>ἔκτα</span> <span class='ocrx_word' id='word_1_326' title='bbox 613 4082 665 4127; x_wconf 82' lang='grc' dir='ltr'>τῶν</span> <span class='ocrx_word' id='word_1_327' title='bbox 689 4077 828 4144; x_wconf 62' lang='grc' dir='ltr'>γινομένων</span> <span class='ocrx_word' id='word_1_328' title='bbox 855 4074 995 4140; x_wconf 77' lang='grc' dir='ltr'>τελοῦντες,</span> <span class='ocrx_word' id='word_1_329' title='bbox 1018 4075 1156 4143; x_wconf 77' lang='grc' dir='ltr'>ἑκτήμοροι</span> <span class='ocrx_word' id='word_1_330' title='bbox 1179 4071 1338 4144; x_wconf 80' lang='grc' dir='ltr'>(ἑκτημόριοι</span> <span class='ocrx_word' id='word_1_331' title='bbox 1362 4075 1431 4140; x_wconf 82' lang='grc' dir='ltr'>Ιίδτί,</span> <span class='ocrx_word' id='word_1_332' title='bbox 1450 4089 1515 4127; x_wconf 83' lang='lat' dir='ltr'>corr.</span> 
     </span>
     <span class='ocr_line' id='line_1_29' title="bbox 147 4161 1517 4234; baseline 0.001 -21"><span class='ocrx_word' id='word_1_333' title='bbox 147 4162 256 4225; x_wconf 84' lang='lat' dir='ltr'>Koraos)</span> <span class='ocrx_word' id='word_1_334' title='bbox 280 4164 521 4233; x_wconf 81' lang='grc' dir='ltr'>προσαγορευόμενοι</span> <span class='ocrx_word' id='word_1_335' title='bbox 541 4164 583 4215; x_wconf 81' lang='grc' dir='ltr'>καὶ</span> <span class='ocrx_word' id='word_1_336' title='bbox 607 4163 691 4231; x_wconf 79' lang='grc' dir='ltr'>θῆτες,</span> <span class='ocrx_word' id='word_1_337' title='bbox 715 4165 731 4232; x_wconf 81' lang='grc' dir='ltr'>ιλ,</span> <span class='ocrx_word' id='word_1_338' title='bbox 755 4165 818 4234; x_wconf 79' lang='grc' dir='ltr'>χρία</span> <span class='ocrx_word' id='word_1_339' title='bbox 842 4163 1013 4232; x_wconf 78' lang='grc' dir='ltr'>λαμβάνοντες</span> <span class='ocrx_word' id='word_1_340' title='bbox 1038 4163 1077 4215; x_wconf 73' lang='grc' dir='ltr'>ἐπὶ</span> <span class='ocrx_word' id='word_1_341' title='bbox 1099 4171 1151 4220; x_wconf 87' lang='grc' dir='ltr'>τοῖς</span> <span class='ocrx_word' id='word_1_342' title='bbox 1182 4161 1295 4230; x_wconf 88' lang='grc' dir='ltr'>σώμασιν</span> <span class='ocrx_word' id='word_1_343' title='bbox 1319 4161 1443 4231; x_wconf 82' lang='grc' dir='ltr'>ἀγώγιμοι</span> <span class='ocrx_word' id='word_1_344' title='bbox 1466 4168 1517 4220; x_wconf 91' lang='grc' dir='ltr'>τοῖς</span> 
     </span>
     <span class='ocr_line' id='line_1_30' title="bbox 149 4248 1518 4321; baseline 0.002 -20"><span class='ocrx_word' id='word_1_345' title='bbox 149 4248 299 4311; x_wconf 76' lang='grc' dir='ltr'>δανείζουσιν</span> <span class='ocrx_word' id='word_1_346' title='bbox 318 4250 391 4320; x_wconf 76' lang='grc' dir='ltr'>ἦσαν,</span> <span class='ocrx_word' id='word_1_347' title='bbox 415 4251 439 4302; x_wconf 85' lang='lat' dir='ltr'>oi</span> <span class='ocrx_word' id='word_1_348' title='bbox 457 4253 502 4319; x_wconf 74' lang='lat' dir='ltr'>piu</span> <span class='ocrx_word' id='word_1_349' title='bbox 522 4252 598 4303; x_wconf 73' lang='grc' dir='ltr'>αὑτοῦ</span> <span class='ocrx_word' id='word_1_350' title='bbox 622 4251 791 4316; x_wconf 77' lang='grc' dir='ltr'>δουλεδοντες,</span> <span class='ocrx_word' id='word_1_351' title='bbox 815 4252 837 4303; x_wconf 76' lang='grc' dir='ltr'>οἱ</span> <span class='ocrx_word' id='word_1_352' title='bbox 860 4251 888 4303; x_wconf 80' lang='grc' dir='ltr'>δ’</span> <span class='ocrx_word' id='word_1_353' title='bbox 906 4252 946 4303; x_wconf 80' lang='lat' dir='ltr'>ini</span> <span class='ocrx_word' id='word_1_354' title='bbox 969 4253 1015 4320; x_wconf 81' lang='grc' dir='ltr'>τἠν</span> <span class='ocrx_word' id='word_1_355' title='bbox 1040 4250 1111 4319; x_wconf 77' lang='grc' dir='ltr'>ξένην</span> <span class='ocrx_word' id='word_1_356' title='bbox 1134 4251 1334 4321; x_wconf 82' lang='grc' dir='ltr'>πιπρασκόμενοι</span> <span class='ocrx_word' id='word_1_357' title='bbox 1357 4249 1463 4317; x_wconf 83' lang='lat' dir='ltr'>(ultima</span> <span class='ocrx_word' id='word_1_358' title='bbox 1485 4267 1518 4304; x_wconf 84' lang='lat' dir='ltr'>ex</span> 
     </span>
     <span class='ocr_line' id='line_1_31' title="bbox 150 4336 1517 4408; baseline 0.002 -20"><span class='ocrx_word' id='word_1_359' title='bbox 150 4336 256 4391; x_wconf 87' lang='lat' dir='ltr'>Solonis</span> <span class='ocrx_word' id='word_1_360' title='bbox 275 4341 362 4391; x_wconf 81' lang='lat' dir='ltr'>uerbis</span> <span class='ocrx_word' id='word_1_361' title='bbox 386 4344 491 4406; x_wconf 87' lang='lat' dir='ltr'>sumpta</span> <span class='ocrx_word' id='word_1_362' title='bbox 510 4340 578 4390; x_wconf 84' lang='lat' dir='ltr'>inira</span> <span class='ocrx_word' id='word_1_363' title='bbox 597 4342 625 4392; x_wconf 88' lang='lat' dir='ltr'>iu</span> <span class='ocrx_word' id='word_1_364' title='bbox 644 4357 702 4408; x_wconf 83' lang='lat' dir='ltr'>cap.</span> <span class='ocrx_word' id='word_1_365' title='bbox 716 4341 767 4392; x_wconf 77' lang='lat' dir='ltr'>xli</span> <span class='ocrx_word' id='word_1_366' title='bbox 787 4341 819 4392; x_wconf 87' lang='lat' dir='ltr'>ab</span> <span class='ocrx_word' id='word_1_367' title='bbox 840 4341 981 4393; x_wconf 81' lang='lat' dir='ltr'>Aristotele</span> <span class='ocrx_word' id='word_1_368' title='bbox 1000 4340 1106 4402; x_wconf 85' lang='lat' dir='ltr'>allatis).</span> <span class='ocrx_word' id='word_1_369' title='bbox 1138 4339 1212 4390; x_wconf 87' lang='lat' dir='ltr'>Phot.</span> <span class='ocrx_word' id='word_1_370' title='bbox 1235 4337 1356 4390; x_wconf 83' lang='grc' dir='ltr'>πελάταιΙ</span> <span class='ocrx_word' id='word_1_371' title='bbox 1371 4340 1416 4402; x_wconf 92' lang='lat'>(=</span> <span class='ocrx_word' id='word_1_372' title='bbox 1435 4338 1517 4391; x_wconf 85' lang='lat' dir='ltr'>sohel.</span> 
     </span>
    </p>

    <p class='ocr_par' dir='ltr' id='par_1_9' title="bbox 78 4402 1520 5014">
     <span class='ocr_line' id='line_1_32' title="bbox 78 4402 1519 4503; baseline 0 -25"><span class='ocrx_word' id='word_1_373' title='bbox 78 4402 85 4503; x_wconf 37' lang='grc' dir='ltr'>,Ι</span> <span class='ocrx_word' id='word_1_374' title='bbox 149 4425 217 4478; x_wconf 84' lang='lat' dir='ltr'>Plat.</span> <span class='ocrx_word' id='word_1_375' title='bbox 237 4426 382 4494; x_wconf 77' lang='lat' dir='ltr'>Euthyphr.</span> <span class='ocrx_word' id='word_1_376' title='bbox 403 4429 417 4477; x_wconf 82' lang='lat'>4</span> <span class='ocrx_word' id='word_1_377' title='bbox 437 4429 481 4492; x_wconf 78' lang='lat' dir='ltr'>G):</span> <span class='ocrx_word' id='word_1_378' title='bbox 510 4427 616 4480; x_wconf 83' lang='grc' dir='ltr'>πελάται</span> <span class='ocrx_word' id='word_1_379' title='bbox 636 4430 706 4492; x_wconf 68' lang='lat' dir='ltr'>(stou</span> <span class='ocrx_word' id='word_1_380' title='bbox 730 4430 789 4481; x_wconf 85' lang='lat' dir='ltr'>add.</span> <span class='ocrx_word' id='word_1_381' title='bbox 814 4428 920 4494; x_wconf 61' lang='lat' dir='ltr'>schem:</span> <span class='ocrx_word' id='word_1_382' title='bbox 950 4429 974 4480; x_wconf 86' lang='grc' dir='ltr'>οί</span> <span class='ocrx_word' id='word_1_383' title='bbox 992 4429 1059 4497; x_wconf 81' lang='grc' dir='ltr'>παρά</span> <span class='ocrx_word' id='word_1_384' title='bbox 1078 4434 1129 4484; x_wconf 90' lang='grc' dir='ltr'>τοῖς</span> <span class='ocrx_word' id='word_1_385' title='bbox 1147 4425 1252 4495; x_wconf 89' lang='grc' dir='ltr'>πλησίον</span> <span class='ocrx_word' id='word_1_386' title='bbox 1272 4425 1440 4494; x_wconf 75' lang='grc' dir='ltr'>ἐργαζόμενοι.</span> <span class='ocrx_word' id='word_1_387' title='bbox 1474 4427 1519 4478; x_wconf 81' lang='grc' dir='ltr'>καὶ</span> 
     </span>
     <span class='ocr_line' id='line_1_33' title="bbox 150 4512 1518 4586; baseline -0.001 -20"><span class='ocrx_word' id='word_1_388' title='bbox 150 4512 225 4584; x_wconf 70' lang='grc' dir='ltr'>θῆτες</span> <span class='ocrx_word' id='word_1_389' title='bbox 243 4515 267 4567; x_wconf 87' lang='lat' dir='ltr'>oi</span> <span class='ocrx_word' id='word_1_390' title='bbox 285 4514 356 4566; x_wconf 79' lang='grc' dir='ltr'>αὐτοὶ</span> <span class='ocrx_word' id='word_1_391' title='bbox 374 4514 411 4578; x_wconf 76' lang='grc' dir='ltr'>(δὲ</span> <span class='ocrx_word' id='word_1_392' title='bbox 430 4516 490 4567; x_wconf 87' lang='lat' dir='ltr'>add.</span> <span class='ocrx_word' id='word_1_393' title='bbox 510 4518 603 4580; x_wconf 85' lang='lat' dir='ltr'>schol.)</span> <span class='ocrx_word' id='word_1_394' title='bbox 628 4521 671 4570; x_wconf 85' lang='grc' dir='ltr'>καλ</span> <span class='ocrx_word' id='word_1_395' title='bbox 689 4517 833 4586; x_wconf 77' lang='grc' dir='ltr'>ἐκτίγμορυι,</span> <span class='ocrx_word' id='word_1_396' title='bbox 858 4515 942 4586; x_wconf 79' lang='grc' dir='ltr'>ἐπειδὴ</span> <span class='ocrx_word' id='word_1_397' title='bbox 968 4517 1033 4583; x_wconf 79' lang='grc' dir='ltr'>(ἐπεὶ</span> <span class='ocrx_word' id='word_1_398' title='bbox 1050 4516 1142 4578; x_wconf 85' lang='lat' dir='ltr'>sohel.)</span> <span class='ocrx_word' id='word_1_399' title='bbox 1167 4514 1233 4582; x_wconf 81' lang='grc' dir='ltr'>ἕκτιμ</span> <span class='ocrx_word' id='word_1_400' title='bbox 1252 4516 1322 4584; x_wconf 82' lang='grc' dir='ltr'>μέρει</span> <span class='ocrx_word' id='word_1_401' title='bbox 1340 4519 1394 4566; x_wconf 88' lang='grc' dir='ltr'>τῶν</span> <span class='ocrx_word' id='word_1_402' title='bbox 1411 4521 1518 4583; x_wconf 84' lang='grc' dir='ltr'>καρπῶν</span> 
     </span>
     <span class='ocr_line' id='line_1_34' title="bbox 151 4601 1519 4674; baseline 0 -20"><span class='ocrx_word' id='word_1_403' title='bbox 151 4603 293 4674; x_wconf 69' lang='grc' dir='ltr'>εἰργάζοντο</span> <span class='ocrx_word' id='word_1_404' title='bbox 316 4604 363 4674; x_wconf 79' lang='grc' dir='ltr'>τὴν</span> <span class='ocrx_word' id='word_1_405' title='bbox 391 4608 445 4671; x_wconf 73' lang='grc' dir='ltr'>γῆν.</span> <span class='ocrx_word' id='word_1_406' title='bbox 491 4605 594 4656; x_wconf 88' lang='lat' dir='ltr'>Pirot.¹1</span> <span class='ocrx_word' id='word_1_407' title='bbox 627 4604 745 4657; x_wconf 72' lang='grc' dir='ltr'>πελάταις</span> <span class='ocrx_word' id='word_1_408' title='bbox 773 4606 797 4658; x_wconf 89' lang='lat' dir='ltr'>ni</span> <span class='ocrx_word' id='word_1_409' title='bbox 826 4604 911 4674; x_wconf 78' lang='grc' dir='ltr'>μισθῷ</span> <span class='ocrx_word' id='word_1_410' title='bbox 934 4604 1101 4664; x_wconf 74' lang='grc' dir='ltr'>δουλεόοντες,</span> <span class='ocrx_word' id='word_1_411' title='bbox 1131 4603 1183 4656; x_wconf 81' lang='grc' dir='ltr'>ἐπεὶ</span> <span class='ocrx_word' id='word_1_412' title='bbox 1206 4602 1235 4654; x_wconf 89' lang='grc' dir='ltr'>τὸ</span> <span class='ocrx_word' id='word_1_413' title='bbox 1260 4601 1336 4658; x_wconf 83' lang='grc' dir='ltr'>τίλας</span> <span class='ocrx_word' id='word_1_414' title='bbox 1360 4601 1439 4671; x_wconf 73' lang='grc' dir='ltr'>ἐγγώς,</span> <span class='ocrx_word' id='word_1_415' title='bbox 1468 4603 1519 4657; x_wconf 74' lang='grc' dir='ltr'>οἷον</span> 
     </span>
     <span class='ocr_line' id='line_1_35' title="bbox 152 4690 1517 4764; baseline 0.001 -22"><span class='ocrx_word' id='word_1_416' title='bbox 152 4691 252 4760; x_wconf 73' lang='grc' dir='ltr'>ἔγγιστα</span> <span class='ocrx_word' id='word_1_417' title='bbox 274 4691 315 4744; x_wconf 86' lang='grc' dir='ltr'>διὰ</span> <span class='ocrx_word' id='word_1_418' title='bbox 337 4692 422 4744; x_wconf 84' lang='grc' dir='ltr'>πενίαν</span> <span class='ocrx_word' id='word_1_419' title='bbox 446 4693 597 4761; x_wconf 88' lang='grc' dir='ltr'>προσιόντες.</span> <span class='ocrx_word' id='word_1_420' title='bbox 623 4690 808 4764; x_wconf 80' lang='grc' dir='ltr'>Ἀριστοτέλης.</span> <span class='ocrx_word' id='word_1_421' title='bbox 837 4696 983 4761; x_wconf 81' lang='lat' dir='ltr'>(perperam</span> <span class='ocrx_word' id='word_1_422' title='bbox 1004 4690 1291 4745; x_wconf 69' lang='lat' dir='ltr'>narbet-Wilamonuz</span> <span class='ocrx_word' id='word_1_423' title='bbox 1315 4691 1382 4743; x_wconf 88' lang='lat' dir='ltr'>hene</span> <span class='ocrx_word' id='word_1_424' title='bbox 1405 4691 1517 4760; x_wconf 84' lang='lat' dir='ltr'>glossam</span> 
     </span>
     <span class='ocr_line' id='line_1_36' title="bbox 153 4774 1520 4850; baseline 0.002 -19"><span class='ocrx_word' id='word_1_425' title='bbox 153 4779 184 4831; x_wconf 91' lang='lat' dir='ltr'>ad</span> <span class='ocrx_word' id='word_1_426' title='bbox 205 4781 406 4848; x_wconf 79' lang='lat' dir='ltr'>Aristophanem</span> <span class='ocrx_word' id='word_1_427' title='bbox 427 4780 584 4847; x_wconf 83' lang='lat' dir='ltr'>Byzantium</span> <span class='ocrx_word' id='word_1_428' title='bbox 606 4782 739 4848; x_wconf 78' lang='lat' dir='ltr'>referunt).</span> <span class='ocrx_word' id='word_1_429' title='bbox 817 4783 881 4834; x_wconf 86' lang='lat' dir='ltr'>Poii.</span> <span class='ocrx_word' id='word_1_430' title='bbox 897 4783 932 4834; x_wconf 93' lang='lat' dir='ltr'>lV</span> <span class='ocrx_word' id='word_1_431' title='bbox 949 4781 997 4834; x_wconf 85' lang='lat'>165</span> <span class='ocrx_word' id='word_1_432' title='bbox 1017 4781 1154 4850; x_wconf 79' lang='grc' dir='ltr'>ίκτίγμοροι</span> <span class='ocrx_word' id='word_1_433' title='bbox 1173 4774 1198 4831; x_wconf 74' lang='grc' dir='ltr'>δ’</span> <span class='ocrx_word' id='word_1_434' title='bbox 1219 4778 1242 4830; x_wconf 86' lang='lat' dir='ltr'>oi</span> <span class='ocrx_word' id='word_1_435' title='bbox 1261 4777 1365 4831; x_wconf 83' lang='grc' dir='ltr'>πελάται</span> <span class='ocrx_word' id='word_1_436' title='bbox 1383 4782 1450 4850; x_wconf 77' lang='grc' dir='ltr'>παρὰ</span> <span class='ocrx_word' id='word_1_437' title='bbox 1468 4788 1520 4840; x_wconf 84' lang='grc' dir='ltr'>τοῖς</span> 
     </span>
     <span class='ocr_line' id='line_1_37' title="bbox 151 4866 1520 4942; baseline 0.003 -22"><span class='ocrx_word' id='word_1_438' title='bbox 151 4866 275 4926; x_wconf 75' lang='grc' dir='ltr'>Ἀττικοῖς.</span> <span class='ocrx_word' id='word_1_439' title='bbox 314 4869 425 4936; x_wconf 79' lang='lat' dir='ltr'>iiesycir.</span> <span class='ocrx_word' id='word_1_440' title='bbox 445 4870 595 4939; x_wconf 75' lang='grc' dir='ltr'>ἐκτήμοροιι</span> <span class='ocrx_word' id='word_1_441' title='bbox 616 4870 639 4922; x_wconf 85' lang='lat' dir='ltr'>oi</span> <span class='ocrx_word' id='word_1_442' title='bbox 658 4871 726 4940; x_wconf 81' lang='grc' dir='ltr'>ἕκτῳ</span> <span class='ocrx_word' id='word_1_443' title='bbox 747 4871 814 4941; x_wconf 81' lang='grc' dir='ltr'>μέρει</span> <span class='ocrx_word' id='word_1_444' title='bbox 833 4871 879 4939; x_wconf 78' lang='grc' dir='ltr'>την</span> <span class='ocrx_word' id='word_1_445' title='bbox 893 4874 938 4938; x_wconf 70' lang='grc' dir='ltr'>γῆν</span> <span class='ocrx_word' id='word_1_446' title='bbox 952 4874 1129 4938; x_wconf 73' lang='grc' dir='ltr'>γεωργοῦντες.</span> <span class='ocrx_word' id='word_1_447' title='bbox 1161 4866 1199 4918; x_wconf 92' lang='lat' dir='ltr'>ld.</span> <span class='ocrx_word' id='word_1_448' title='bbox 1217 4866 1361 4937; x_wconf 75' lang='grc' dir='ltr'>ἐπίμορτοςι</span> <span class='ocrx_word' id='word_1_449' title='bbox 1382 4870 1520 4942; x_wconf 73' lang='grc' dir='ltr'>ἑκτημοροι</span> 
     </span>
     <span class='ocr_line' id='line_1_38' title="bbox 152 4956 472 5014; baseline 0.003 -7"><span class='ocrx_word' id='word_1_450' title='bbox 152 4956 176 5007; x_wconf 89' lang='lat' dir='ltr'>oi</span> <span class='ocrx_word' id='word_1_451' title='bbox 193 4957 221 5010; x_wconf 87' lang='grc' dir='ltr'>τὸ</span> <span class='ocrx_word' id='word_1_452' title='bbox 240 4956 315 5010; x_wconf 73' lang='grc' dir='ltr'>ἕκτον</span> <span class='ocrx_word' id='word_1_453' title='bbox 334 4957 472 5014; x_wconf 83' lang='grc' dir='ltr'>τελοῦντες.</span> 
     </span>
    </p>
   </div>
   <div class='ocr_carea' id='block_1_5' title="bbox 1284 5062 1318 5114">
    <p class='ocr_par' dir='ltr' id='par_1_10' title="bbox 1284 5062 1318 5114">
     <span class='ocr_line' id='line_1_39' title="bbox 1284 5062 1318 5114; baseline 0 -24"><span class='ocrx_word' id='word_1_454' title='bbox 1284 5062 1318 5114; x_wconf 63' lang='lat' dir='ltr'>l*</span> 
     </span>
    </p>
   </div>
   <div class='ocr_carea' id='block_1_6' title="bbox 0 0 1788 5610">
    <p class='ocr_par' dir='ltr' id='par_1_11' title="bbox 0 0 1788 5610">
     <span class='ocr_line' id='line_1_40' title="bbox 0 0 1788 5610; baseline 0 0"><span class='ocrx_word' id='word_1_455' title='bbox 0 0 1788 5610; x_wconf 95' lang='lat' dir='ltr'> </span> 
     </span>
    </p>
   </div>
  </div>
 </body>
</html>
