3510 5610
304 1527 364 1591 An
392 1525 656 1592 FRIDERIGUM
684 1527 723 1592 G.
748 1524 990 1591 KENYONEM
1020 1527 1227 1593 EPISTULA
1258 1525 1455 1592 EDITORlS

284 1831 423 1896 latricon
445 1830 574 1896 libellus
596 1851 667 1896 oum
691 1831 829 1896 nuncin
853 1832 955 1896 lucem
980 1830 1086 1914 prodit
1109 1850 1203 1912 quem
1224 1831 1312 1914 prins
1327 1833 1447 1897 salutet
1462 1853 1557 1915 (luam

197 1953 260 2033 Tu,
288 1951 336 2015 vir
359 1950 489 2034 optime,
517 1950 570 2032 qui
594 1970 664 2014 cum
687 1949 728 2013 do
750 1948 923 2014 Aristotele
946 1949 1016 2032 ipso
1040 1958 1106 2014 tum
1129 1951 1171 2016 de
1192 1950 1397 2016 Aristotelico
1421 1952 1482 2017 boo
1504 1973 1558 2017 vo-

197 2069 316 2133 lumine
350 2067 442 2134 unice
473 2068 517 2132 sis
550 2066 692 2132 meritus.
743 2066 829 2148 quod
862 2067 1053 2152 simulatque
1087 2075 1163 2135 ante
1185 2069 1267 2134 dnos
1299 2070 1494 2136 fercannus
1517 2092 1557 2137 en

197 2190 346 2270 Aegypto
362 2187 393 2251 in
407 2186 551 2251 lluseum
575 2186 793 2250 Britannicum
815 2192 1032 2251 transvectum
1047 2196 1107 2270 cst,
1131 2189 1183 2253 nbi
1208 2210 1292 2253 nunc
1312 2196 1402 2255 extat
1423 2210 1557 2255 numero

196 2303 388 2385 CXXXVII,
413 2307 460 2369 Tu
477 2324 670 2387 qrramrpram
694 2303 802 2367 multis
825 2312 857 2368 et
876 2304 1075 2385 gravissimis
1097 2306 1235 2386 negotiis
1251 2327 1356 2389 paene
1372 2328 1557 2392 oppressus,

195 2423 302 2487 statim
342 2424 449 2487 lacera
487 2423 669 2506 fragmenta
707 2423 884 2506 exprlicare,
923 2422 1081 2505 levigare,
1120 2425 1270 2490 ordinare
1303 2426 1452 2508 coepisti,
1491 2435 1557 2491 tum

194 2541 383 2625 scripturam
407 2551 439 2607 et
461 2542 623 2608 difficilem
647 2563 704 2626 per
727 2563 762 2606 se
785 2550 816 2606 et
839 2544 1039 2608 saeculorum
1061 2543 1178 2607 iniuria
1200 2544 1316 2609 misere
1340 2544 1556 2609 oblitteratam

195 2660 316 2743 legere,
348 2681 489 2726 conexus
516 2662 638 2746 rimari,
673 2663 805 2727 lacunas
832 2662 996 2745 supplere,
1030 2663 1170 2745 denique
1198 2661 1268 2726 libri
1296 2662 1329 2725 in
1356 2661 1426 2727 dies
1455 2665 1558 2745 magis

194 2779 367 2844 crescentis
398 2780 564 2845 materiam
592 2781 795 2864 intellegere,
829 2787 969 2845 aetatem
1004 2781 1212 2864 constituere,
1246 2780 1352 2845 fontes
1386 2781 1556 2864 expiscari.

193 2918 278 2982 «puae
301 2899 406 2963 omnia
422 2907 487 2963 tam
511 2899 688 2964 incredibili
712 2899 876 2964 eeleritate
898 2919 937 2963 ac
952 2898 1097 2964 sollertia
1120 2898 1292 2981 perfecisti,
1316 2906 1349 2962 ut
1364 2898 1429 2962 iam
1447 2921 1557 2967 meuse

193 3018 294 3101 Aprili
312 3018 552 3083 MDCCOXOII
568 3018 644 3083 viris
665 3019 768 3083 doctis
784 3018 855 3083 libri
879 3018 1016 3084 recentis
1039 3017 1173 3082 formam
1197 3024 1229 3083 et
1251 3016 1392 3081 indolem
1416 3017 1557 3085 breviter

193 3137 252 3203 scd
275 3144 425 3201 accurate
448 3156 610 3219 exponere
631 3136 768 3219 posses.¹
801 3136 865 3200 iam
889 3144 954 3200 tum
977 3144 1063 3202 recte
1079 3135 1275 3218 intellexisti,
1298 3136 1347 3200 vir·
1361 3136 1556 3221 doctissime,

193 3255 330 3339 priorem
365 3264 489 3338 partem
524 3255 709 3336 voluminis,
746 3275 830 3338 (purae
862 3256 895 3318 in
930 3255 1132 3338 antiquorum
1172 3254 1366 3319 medicorum
1402 3256 1556 3320 memoria

192 3374 372 3440 continetur
396 3382 427 3439 et
450 3375 567 3438 iterata
582 3373 764 3438 Aristotelis
787 3374 948 3439 mentione
971 3381 1020 3437 est
1042 3373 1187 3456 insignis,
1211 3380 1396 3455 excerptam
1419 3393 1491 3438 esse
1514 3395 1555 3439 ex

194 3493 338 3558 blenonis
349 3493 532 3559 Aristotelei
546 3492 679 3557 latricis.
703 3492 756 3574 qui
773 3491 901 3555 nuntius
919 3499 952 3555 nt
967 3491 1048 3555 alios
1062 3491 1108 3554 ita
1124 3512 1175 3557 me
1191 3491 1372 3556 commorit.
1396 3511 1470 3555 nam
1483 3512 1553 3556 cum

191 3613 403 3678 Aristotelicis
425 3613 539 3678 litteris
562 3632 680 3676 novum
704 3618 943 3676 monumentum
966 3630 1150 3676 accrescere
1173 3619 1238 3675 tum
1265 3610 1554 3696 [loxograplrornm

191 3732 433 3815 ‹puaestionibus
460 3731 535 3796 olim
562 3730 699 3795 desertis
721 3752 839 3796 novum
867 3730 959 3812 qrrasi
987 3730 1137 3816 pabulum
1166 3731 1272 3796 offerri
1300 3729 1394 3796 sensi.
1444 3729 1555 3812 itaque

190 3872 273 3934 (puae
297 3871 336 3915 ex
358 3850 458 3915 Musei
483 3870 568 3933 plenu
597 3851 643 3916 Tu
666 3852 756 3933 rpuasi
781 3870 891 3934 promo
920 3850 1023 3913 condo
1052 3850 1178 3934 prolata
1208 3857 1315 3932 erant,
1349 3869 1474 3912 summa
1502 3870 1554 3915 me

191 3970 416 4056 expectatione
436 3968 612 4054 replebant.
650 3988 745 4050 quam
769 3967 932 4050 augebant
954 3968 1038 4033 duae
1058 3968 1174 4052 prioris
1191 3968 1290 4052 partis
1306 3968 1449 4050 eclogae,
1472 3987 1553 4050 quas

192 4090 386 4155 l'nrnsarous
410 4088 575 4169 Bmssrus,
604 4087 652 4151 vir
674 4087 922 4169 eruditissimus,
951 4106 969 4151 e
994 4086 1159 4151 Britannia
1183 4086 1283 4151 redux
1306 4087 1467 4169 peramicc
1490 4108 1552 4152 me-

190 4230 261 4272 cum
285 4207 586 4272 communicaverat.
632 4205 746 4287 quibus
768 4207 844 4271 dnm
866 4206 972 4271 acrius
994 4205 1159 4288 incumbo,
1193 4205 1258 4269 vidi
1286 4205 1356 4269 sine
1378 4206 1476 4270 totius
1499 4227 1552 4269 vo·

190 4325 319 4392 luminis
334 4333 485 4389 contextu
501 4323 627 4405 singula
643 4331 729 4389 recto
744 4325 887 4407 intellegi
911 4345 975 4389 non
991 4344 1096 4408 posse.
1135 4325 1182 4387 ita
1196 4324 1228 4387 in
1245 4323 1313 4387 dies
1329 4322 1552 4388 vehementius

189 4445 363 4511 editionem
387 4444 484 4508 totius
508 4442 678 4507 voluminis
701 4443 833 4509 allours
856 4443 1042 4508 desiderare
1064 4442 1166 4525 coepi.
1204 4441 1261 4505 scd
1284 4441 1450 4522 quaerenti
1474 4442 1551 4506 milri

189 4573 224 4631 et
246 4564 378 4628 instanti
400 4563 448 4626 'lu
471 4560 665 4644 respondisti
688 4562 768 4626 nihil
791 4560 949 4627 eiusmodi
972 4569 1029 4626 aut
1051 4560 1110 4625 abs
1133 4561 1180 4625 Tu
1202 4566 1259 4624 aut
1285 4559 1327 4623 ab
1350 4558 1423 4623 aliis
1443 4561 1551 4643 parari

186 4745 463 4756 ,-.--υ---.--
470 4745 589 4752 .--.--

263 4875 268 4907 ¹
292 4873 416 4923 Classical
433 4870 530 4922 Resicw
551 4872 584 4926 Vl
604 4870 694 4934 (1892)
715 4887 739 4936 p.
753 4868 901 4922 237-240.
