3510 5610
288 311 348 377 142
435 316 527 397 πρᾷος
1485 314 1498 368 1
1524 314 1655 370 INDEX

338 483 524 556 συγγνωμικός)
549 483 629 547 1825
671 483 735 555 ἦσαν
763 484 787 538 οί
809 485 940 556 περὶτῶν
993 483 1225 556 προγίγνισθαι.
1255 489 1290 559 τῇ
1302 492 1419 562 συμφορᾷ
1436 493 1491 544 τῶν
1503 506 1654 561 προγεγενη-

336 573 467 643 τυράννων
485 570 559 641 νόμοι
577 573 651 643 πρᾷοι
672 571 747 632 1922
1047 574 1131 643 μένων
1159 573 1223 640 362
1264 582 1319 635 ταῖς
1340 576 1567 650 προγεγενημίναες
1593 595 1654 649 σιμ-

283 658 430 731 πρφότης.
466 658 596 731 χρώμενοι
613 660 648 731 τῇ
666 657 772 731 ιίωθυίᾳ
789 663 835 715 τοῦ
858 660 941 731 δήμου
1046 670 1135 733 φοραῖς
1152 662 1213 730 422

335 746 458 819 πραότητι
476 747 552 812 2621
993 749 1183 822 πρόγραμμα
1201 750 1264 817 482
1282 750 1343 817 782

282 836 430 907 πράττειν
449 835 508 906 (τὴν
521 835 620 907 πρᾶξιν)
633 835 712 903 2023
742 835 769 889 ίν
786 843 839 895 τοῖς
857 835 941 897 ἀλλοις
992 837 1490 913 προγράφειν(τάςίκκλησίας)46,8
1521 840 1564 909 (τά
1583 840 1655 896 δικα·

335 922 370 981 οίς
401 922 524 997 ίπραττον
554 923 732 996 δεεσφάλλοντο
767 924 831 989 222
880 929 942 990 (τοῖς
1046 927 1146 997 ατήρια)
1161 928 1222 995 692
1252 927 1308 982 ἀτι
1326 927 1356 980 ἀν
1375 927 1411 999 μή
1430 927 1612 1000 προγράψωσιν
1630 930 1656 985 οἱ

333 1013 503 1082 τετρακοσίοις
516 1014 627 1066 ἐναντίον
639 1014 675 1080 τι)
688 1011 767 1079 3923
799 1011 842 1078 (τὰ
855 1015 940 1081 κοιναί)
1045 1015 1177 1086 πρυτάνιες
1188 1013 1267 1079 4921
1299 1013 1357 1082 (δσα
1375 1014 1414 1069 δεῖ
1423 1015 1587 1087 χρηματίζων
1605 1016 1654 1088 τήν

335 1099 400 1162 28,6
437 1099 546 1166 (άπαντα
564 1097 598 1155 δι’
613 1100 710 1169 αίιτῶν)
729 1099 812 1166 3622
848 1099 939 1172 ίπραξε
1047 1098 1154 1171 βουλήν)
1164 1102 1225 1166 462
1253 1102 1314 1166 (ἀπὸ
1323 1103 1390 1160 τίνος
1399 1101 1521 1174 ἄρχοντος
1531 1104 1575 1158 καλ
1585 1104 1654 1159 ίπω·

333 1192 413 1242 ταῦτα
436 1187 495 1257 (pro
518 1191 640 1257 repetitis
663 1188 762 1256 vorbis)
785 1187 865 1251 2821
910 1185 938 1263 (ἦ
1042 1186 1123 1256 νίνμου
1135 1189 1210 1263 μίχρι
1227 1190 1305 1244 τίνων
1322 1189 1360 1245 δεῖ
1371 1187 1561 1261 στρατεθισθαι)
1574 1192 1653 1259 5924

334 1275 364 1329 ἀν
383 1277 495 1347 ήγῶνται
514 1276 659 1348 συμφίρειν)
679 1275 739 1342 852
769 1272 812 1347 ίφ’
826 1276 862 1335 οίς
880 1273 939 1350 ήρί·
990 1274 1206 1346 προδανιίζειν
1229 1279 1293 1348 (τοῖς
1316 1278 1421 1352 ἀπόροις
1441 1277 1564 1352 χρήματα
1592 1281 1654 1349 πρὸς

333 1361 416 1434 θησαν
434 1362 482 1418 οδκ
501 1363 623 1436 ίπρατεον
641 1363 719 1431 3926
755 1365 823 1417 med.
840 1365 938 1432 πείρετε
1042 1364 1088 1422 τάς
1106 1361 1230 1435 ίργασίας)
1251 1365 1328 1434 1826

333 1451 466 1525 (δεκάτην)
489 1451 565 1518 1822
973 1447 1250 1524 ’προδιασπιίριιν
1268 1451 1364 1525 (λόγον)
1385 1454 1461 1520 1221

279 1540 437 1611 πρεσβεία.
474 1540 587 1594 formula
610 1538 713 1611 κήρυξιν
738 1541 782 1594 κα1
800 1541 939 1611 πρεσβείαις
974 1534 1218 1610 *προδρομείιεεν
1237 1541 1299 1607 532

331 1628 410 1694 3426
428 1628 508 1695 4720
991 1626 1166 1698 πρόδρομος
1185 1629 1253 1699 plur.
1267 1631 1401 1699 copiarum
1420 1645 1507 1700 genus
1525 1630 1589 1701 532

279 1715 460 1787 προσβαίνειν
471 1717 536 1770 med.
547 1715 849 1789 (πρδςΛακιδαιμονίους)
860 1717 938 1784 8529
990 1713 1242 1789 προδωσίταερος
1261 1717 1326 1772 scol.
1339 1717 1399 1786 22,6

279 1804 474 1876 πρεσβευτής
502 1804 569 1873 ρ1υε.
591 1803 705 1876 πρίσβιις
732 1804 877 1875 πίμψαντες
904 1806 940 1866 είς
990 1801 1193 1877 προιδριίιιεν
1211 1806 1288 1873 4821

331 1889 508 1962 Λακεδαίμονα
521 1891 599 1960 3928
633 1891 748 1962 πρίσβιις
766 1892 846 1959 (coni.
859 1893 938 1964 κήρο-
974 1886 1186 1963 *προεδρικός
1225 1892 1361 1965 προεδρική
1380 1892 1447 1962 (scil.
1459 1895 1559 1967 γραφή,
1583 1897 1651 1952 coni.

332 1979 386 2047 κις)
406 1979 485 2046 4722

278 2066 419 2140 πρέσβυς.
456 2066 622 2139 πρισβίιτερος
639 2065 738 2128 Ἱππίας
759 2068 843 2136 2024
878 2088 936 2141 πρι·

333 2156 459 2227 σβυτάεην
477 2163 550 2225 γαῖαν
563 2152 672 2215 Ἰαονίας
690 2155 751 2209 Solo
771 2157 818 2224 6,5
837 2174 861 2212 v.
878 2176 937 2228 πρι·

330 2244 437 2314 σβευτής

277 2330 451 2404 πρεσβίιτης
470 2331 588 2404 (σφόδρα)
611 2333 668 2398 172

1043 1978 1203 2054 ίπιστατική)
1222 1981 1283 2047 69,9

990 2065 1143 2138 πρόεδρος
1161 2069 1229 2137 ρίιιε.
1242 2071 1306 2137 (των
1324 2070 1481 2140 πρυτάνεων)
1500 2069 1562 2138 486

990 2154 1171 2224 προειδέναι
1190 2156 1250 2223 (τίνι
1267 2156 1337 2228 αὐτῷ
1356 2156 1487 2230 χρήσεται)
1506 2157 1586 2225 7129

988 2251 1149 2313 προειπεῖν
1168 2261 1192 2298 v.
1205 2243 1334 2315 προλίγιιν

973 2326 1229 2402 ’προεξαλιίφιιν
1248 2349 1318 2400 pass.
1332 2332 1409 2397 5121

277 2419 348 2490 πρίν
366 2437 388 2474 ε.
406 2421 453 2473 inf.
477 2419 503 2473 τί
519 2419 618 2473 τοΰτων
641 2421 698 2494 πρίν
720 2429 807 2493 τυχεῖν
830 2421 937 2476 ίπαυσά-
989 2419 1251 2489 προιξανιστάναι
1267 2422 1328 2475 intr.
1344 2421 1410 2489 (τῶν
1427 2419 1525 2487 ἀλλων)
1544 2422 1625 2490 2028

329 2507 393 2579 μἠν;
413 2508 474 2561 Solo
491 2508 549 2574 13,4
583 2509 699 2580 ήβουλή
718 2511 773 2583 πρὶν
792 2509 937 2579 διαβουλιῦ.
988 2507 1208 2580 προίρχισθαι.
1254 2509 1329 2582 μίχρι
1357 2506 1449 2562 τοίιτου
1474 2510 1604 2583 προῆλθεν
1633 2512 1650 2583 ή

330 2596 376 2650 σαι
393 2595 522 2667 κατελελθή
545 2596 628 2662 3529
665 2596 735 2651 οὗτοι
757 2596 936 2668 δοκιμάζονται
1040 2594 1111 2654 πόλις
1129 2596 1189 2660 27,6

330 2685 386 2756 πρὶν
399 2669 558 2756 παρεδρεὺειν
572 2683 633 2748 632
662 2685 718 2755 πρίν
736 2704 763 2739 τε
777 2684 805 2757 [ἡ
820 2685 853 2752 L]
867 2684 935 2741 Παυ-
986 2683 1131 2756 προίχεεν
1159 2687 1221 2747 (τοῖς
1244 2682 1344 2754 χρόνοις
1366 2687 1488 2738 τοσοῦτον
1515 2683 1649 2757 ἀλλήλων)

330 2773 415 2826 σανίαν
440 2761 478 2850 [τ]
501 2771 635 2843 ἀφικέσθαι
658 2771 823 2844 διεπέμποντο
850 2773 934 2839 4023
1039 2769 1100 2834 422
1137 2770 1202 2839 (ταῖς
1220 2769 1315 2831 οδσίαις
1332 2772 1376 2825 καί
1394 2772 1433 2843 τῷ
1450 2772 1516 2842 γίνει
1534 2775 1579 2827 καί
1597 2781 1651 2835 τοῖς

329 2859 375 2914 ἀσα
398 2879 435 2919 τις
453 2863 520 2934 ιίχιν
543 2862 599 2931 πρίν
617 2859 694 2914 αδτδν
713 2860 832 2916 εἰσελθεῖν
851 2862 935 2926 6320
1038 2856 1186 2928 ἀξιώμασιν)
1205 2859 1285 2925 3822

329 2964 352 3002 ο.
365 2949 420 3001 ind.
434 2963 487 3001 πσε.
501 2944 558 3002 αὖθ’
572 2947 706 3011 ἀπαίνσατο,
725 2951 782 3019 πρὶν
795 2949 934 3022 ἀνταράξας
985 2943 1217 3015 προθυμεῖσθαι
1235 2947 1314 3012 4022

329 3044 388 3107 πῖαρ
411 3035 502 3097 ἐξεῖλεν
529 3036 594 3106 γάλα
617 3036 679 3089 Solo
699 3037 780 3103 1426
821 3040 877 3109 πρίν
905 3036 936 3090 ἀν
988 3031 1147 3104 πρόδομος
1166 3035 1279 3089 ειάν.διά
1296 3032 1508 3108 τοὺςπροθίνμως
1526 3036 1650 3108 δημαγω·

328 3141 351 3179 e.
364 3126 431 3178 coni.
444 3140 499 3179 σοι.
512 3125 573 3190 41,8
603 3125 640 3195 μή
659 3122 748 3184 ίξεῖναι
766 3125 861 3197 ἄρχειν,
878 3127 935 3196 πρὶν
1040 3126 1145 3191 γοῦντας
1163 3122 1241 3191 2924

328 3212 359 3266 ἀν
377 3212 555 3284 ἀπογράψηται
577 3213 643 3278 41,8
678 3211 727 3265 οὐκ
749 3212 816 3265 ἔστιν
841 3213 934 3284 ἀναβῆ-
988 3207 1112 3279 (προίξ).
1140 3210 1410 3283 ιίσίίμμηνοιίδίκαε)
1423 3211 1536 3285 προικός,
1554 3211 1599 3267 ἐάν
1612 3232 1650 3274 τις

328 3318 370 3353 ναι
381 3299 511 3372 πρότιμον,
529 3302 584 3373 πρὶν
604 3299 634 3353 ἀν
652 3299 718 3353 άπαν
737 3300 842 3371 παραδῷ
856 3301 935 3367 ’1120
1040 3296 1149 3367 ὀφείλων
1168 3298 1205 3369 μή
1224 3299 1312 3371 ἀποδῷ
1331 3298 1392 3366 56,θ

274 3389 332 3459 πρό
351 3389 400 3443 Ιοτ.
413 3388 460 3459 πρὸ
478 3395 530 3441 τῶν
549 3387 636 3459 θυρῶν
657 3389 715 3455 172
745 3389 794 3459 πρὸ
812 3395 857 3443 τοῦ
876 3389 934 3456 βου·
987 3387 1173 3458 προῖσεάναι
1191 3388 1253 3440 intr.
1273 3386 1310 3441 ὧν
1328 3388 1489 3459 προειστήκει
1507 3385 1649 3462 Μεγακλῆς

327 3476 459 3550 λευτηρίου
487 3475 548 3543 592
614 3482 694 3545 temp.
720 3477 769 3548 πρὸ
791 3474 934 3549 Δράκοντος
1041 3473 1100 3540 152
1119 3474 1243 3541 ο1.21,25
1275 3477 1332 3542 (τοῦ
1349 3474 1444 3546 δήμου)
1462 3475 1559 3542 3129
1590 3481 1649 3543 (τοῦ

328 3564 378 3628 4,3
414 3563 463 3633 πρὸ
485 3569 532 3634 τής
549 3561 699 3632 νομοθεσίας
718 3564 781 3632 11,9
817 3563 865 3635 πρὸ
888 3569 934 3635 τῆς
1038 3559 1162 3631 πλήθους)
1185 3561 1268 3624 2420
1310 3561 1372 3628 (τῶν
1400 3563 1539 3633 ἐπιφανῶν)
1561 3563 1648 3634 3123

327 3650 478 3722 συλλήψεως
505 3652 588 3720 2028
628 3650 676 3723 πρὸ
704 3656 749 3706 τοῦ
772 3652 934 3724 ψηφίσματος
1038 3649 1144 3714 (αὑτῶν)
1168 3649 1251 3714 2926
1278 3649 1361 3717 4022
1406 3652 1463 3705 πλεο.
1484 3655 1648 3726 προειστήκει

328 3739 404 3806 3221
437 3742 543 3810 πρὸτῆς
562 3726 812 3811 θπρυτανιίας60,’ί
844 3741 868 3796 σί
885 3742 934 3814 πρά
1038 3737 1145 3806 μάλιστα
1173 3734 1323 3808 θηραμένης
1350 3736 1433 3807 3123
1474 3743 1647 3812 προεστώτων

326 3828 418 3882 τσδτου
432 3827 509 3893 2926
537 3827 585 3900 πρὸ
595 3832 640 3882 τοῦ
650 3831 745 3887 πάντας
755 3827 864 3889 ἐξελθεῖν
874 3829 933 3894 522
1037 3831 1090 3878 τῶν
1099 3821 1282 3895 Ἀρεοπαγιτῶν
1301 3825 1379 3892 2823

273 3918 425 3990 προάγειν
448 3916 571 3967 adducere
596 3915 684 3983 (ποιεῖν
707 3923 759 3970 τῶν
788 3920 824 3987 μή
847 3916 934 3976 καλῶς
985 3911 1175 3984 προκεῖσθαι
1193 3931 1216 3967 ι.
1229 3913 1372 3985 προτιθέναι

325 4004 451 4079 ἐχόντων)
470 4004 538 4071 322
574 4005 653 4064 πάσας
675 4006 721 4064 τάς
739 4004 862 4063 πολιτείας
885 4005 933 4065 ἕως
984 4001 1158 4073 πρόκλησις
1192 4003 1358 4056 iudiciorum.
1380 4004 1449 4073 plur.
1470 4004 1552 4072 (coni.
1578 4024 1644 4078 μαρ-

326 4092 404 4165 μηδέν
434 4096 614 4162 παρανομοῖεν)
645 4092 687 4157 32,
698 4095 729 4146 14
774 4095 859 4146 iuvare
891 4094 933 4159 (τὰ
1037 4092 1127 4164 πυρίαι,
1145 4089 1226 4159 νόμοι)
1239 4089 1335 4155 58,3.9

984 4180 1172 4251 προκρίνειν.
1200 4177 1645 4252 προὺκρινινείςεολνςίννίαάργον-

1036 4287 1081 4328 τας
1099 4269 1194 4339 ἑκάστη
1213 4267 1275 4320 δίκα
1301 4266 1347 4332 92
1384 4266 1426 4334 (ἐκ
1448 4272 1502 4320 τῶν
1523 4267 1562 4331 ἀεὶ
1582 4268 1644 4339 βου·

1036 4356 1163 4410 λευάντιον
1185 4355 1295 4423 πλείους)
1320 4353 1402 4422 6421
1444 4371 1514 4424 pass.
1533 4357 1588 4421 (κα1
1612 4341 1644 4412 ίκ

1036 4446 1168 4515 ζευγιτῶν)
1196 4443 1277 4509 2924
1318 4441 1347 4495 ίκ
1374 4447 1427 4496 τῶν
1450 4441 1644 4514 προκριθίντων

1036 4533 1127 4587 ἑκατὸν
1146 4534 1295 4606 ἀρχηγετῶν
1314 4530 1378 4597 252
1414 4531 1454 4596 (ίκ
1476 4536 1529 4584 τῶν
1550 4550 1645 4588 ποντα·

1034 4621 1139 4688 κοσίων)
1159 4618 1240 4685 2623
1277 4617 1410 4690 πρόκριτοι
1430 4618 1498 4688 μλιιε.
1512 4619 1559 4685 9,6
1596 4623 1644 4683 εάς

1033 4710 1112 4782 ἀργὰς
1135 4709 1235 4777 ἐποίησε
1257 4706 1392 4777 κληρωτὰς
1409 4704 1449 4760 (ἐκ
1472 4708 1641 4782 προκρίτων’,

1033 4798 1076 4856 σθς
1085 4798 1180 4867 ἑκάστη
1190 4793 1331 4866 προκρίνειι
1343 4799 1396 4848 τῶν
1405 4794 1494 4865 φυλῶν
1502 4795 1546 4864 9,6
1576 4799 1643 4853 haee

1032 4884 1144 4938 formula
1156 4884 1291 4938 invenitur
1303 4883 1384 4938 etiam
1393 4882 1473 4950 3420
1485 4884 1545 4954 352
1559 4885 1643 4954 3120

325 4181 471 4251 πράγματα)
491 4180 552 4246 202

272 4267 504 4340 προαγορεύειν.
554 4267 568 4322 δ
598 4269 776 4342 προαγορεύων
807 4267 932 4341 εἴργεσθαι

324 4363 376 4410 τῶν
390 4359 507 4428 νομίμων
521 4358 596 4418 οὗτός
614 4360 679 4413 ἐστιν
694 4359 753 4420 662
767 4376 790 4412 v.
803 4357 931 4430 προλάγειν

272 4454 433 4520 προαιρείν
453 4447 519 4500 med.
534 4448 590 4517 (τήν
603 4445 730 4500 πολιτείαν
743 4446 857 4514 διοικεῖν)
870 4445 931 4509 30,9

270 4535 513 4606 προανακρίνειν
533 4539 606 4603 (opp.
620 4536 722 4607 κρίνειν)
742 4533 785 4601 52

270 4621 407 4695 προβολή
428 4624 497 4692 plur
510 4623 572 4690 47,5
591 4623 650 4688 692

269 4710 520 4782 προβουλείιειν(
511 4712 555 4776 (ςεί
574 4711 618 4764 τὸν
636 4711 728 4781 δῆμον)
746 4710 826 4777 4926

270 4799 490 4870 προβοὺλευμα
508 4799 587 4864 4826

271 4886 445 4958 πρόβουλος
464 4887 531 4957 ρ1ιιι.
547 4888 663 4957 magistr.
677 4892 725 4940 att.
738 4888 798 4956 332
