3510 5610
217 325 281 393 148

368 330 572 412 συνομολογεῖν

218 499 442 570 συνομολογεῖν
461 501 523 568 730

217 594 352 659 συνορᾶν
372 588 412 655 (τδ
431 588 540 659 πλῆθος)
560 588 639 656 4130

217 678 402 730 συντάττειν
421 678 467 741 (είς
485 677 586 729 δώδεκα
604 677 696 747 φυλάς)
716 678 793 743 2436

217 764 379 820 συντελεῖν
397 766 457 829 (άπδ
476 772 528 819 τῶν
542 765 695 836 προσιόντων
714 766 748 823 είς
766 765 795 818 τδ
814 781 876 834 συμ·

269 854 390 928 μαχικόν)
408 854 487 919 4038

217 941 399 997 συντιθέναι
428 943 494 997 med.
515 942 654 1014 (συνθήκας
681 942 743 1014 πρὸς
771 943 814 1002 οδς
845 943 875 995 ἂν

271 1029 401 1097 ἐθέλωσιν)
420 1031 499 1096 3334

218 1117 432 1174 συνωνεῖσθαι.
457 1120 618 1190 συνεπρίαντο
628 1118 725 1189 πολλὴν
735 1120 822 1193 χώραν
832 1120 870 1187 73

218 1206 444 1268 συσπουδάζειν
463 1206 521 1276 (τὴν
540 1206 662 1277 κάθοδον)
682 1209 762 1271 4035

217 1303 373 1349 συσσιτεῖν
398 1295 476 1360 (κατά
499 1293 589 1363 φυλάς)
611 1297 695 1360 4438
736 1299 760 1350 οέ
782 1317 873 1370 πρυτα-

269 1384 384 1442 νευαντες
402 1384 428 1436 έν
447 1384 481 1457 τῇ
499 1379 569 1450 θόλῳ
589 1385 649 1450 463

217 1479 311 1543 σφεῖς.
348 1470 467 1526 καλοῦσιν
481 1470 607 1543 Ἀθηναῖοι
625 1480 689 1545 σφοῖς
707 1472 798 1533 αὐτοὺς
822 1483 874 1529 τῶν

268 1561 359 1630 δήμων
377 1561 437 1625 253
474 1560 571 1614 εἴλοντο
590 1568 661 1632 σφῶν
680 1561 766 1616 αὐτῶν
784 1563 876 1616 έκατδν

270 1649 362 1720 ἄνδρας
375 1648 435 1713 343
466 1648 589 1717 διανεῖμαι
602 1656 665 1713 σφᾶς
683 1669 709 1703 τι
723 1651 815 1710 αδτοδς
833 1654 876 1705 καί

269 1740 329 1796 τοὺς
356 1736 448 1795 ἄλλους
470 1737 553 1800 3436
595 1739 773 1812 προσελόμενοι
796 1743 876 1813 σρίσιν

269 1827 353 1886 αυτοῖς
371 1827 494 1902 ἄρχοντος
512 1829 573 1883 δέκα
592 1831 669 1894 3731

217 1916 410 1986 σφετερίζειν
438 1917 505 1971 med.
528 1918 585 1988 (τὴν
612 1921 698 1988 νῆσον)
727 1921 875 1990 Ερ11.11οι.

269 2022 296 2075 ρ.
308 2004 388 2070 8738

217 2093 392 2165 σφηκίσκος
409 2094 560 2159 supercilium
580 2096 669 2146 ianuae
688 2097 748 2153 768

216 2181 332 2255 σφόδρα
342 2181 539 2251 (ευδοκιμηκώς)
548 2181 622 2250 1537
646 2184 806 2258 (πρεαβΰτης)
819 2188 876 2249 17,4

217 2271 346 2340 σφραγίς
365 2270 493 2341 (δημοσία)
512 2269 574 2334 48,3

216 2357 334 2429 σχεδόν.
384 2358 529 2411 αἰτιώτατοι
559 2359 648 2430 σχεδὸν
679 2362 793 2432 έγένοντο
830 2369 876 2434 τῆς

270 2445 379 2517 ἐκβολῆς
388 2452 440 2499 τῶν
450 2448 580 2516 τυράννων
594 2449 617 2501 οί
626 2445 803 2517 Ἀλκμεωνίδαι
815 2451 875 2515 243

268 2533 359 2591 πάντες
377 2534 465 2603 σχεδὸν
483 2533 646 2606 ὁμολογοῦσιν
666 2537 726 2602 323

216 2620 383 2692 σχολάζειν
402 2620 595 2691 (ίπιμιλεῖσθαι)
617 2625 694 2690 1830

217 2707 325 2778 σώζειν
351 2709 460 2775 (ἑαυτόν)
484 2710 567 2774 2730
607 2713 664 2781 (την
689 2714 873 2784 δημοκρατίαν)

269 2797 334 2862 423
376 2797 434 2868 (τὴν
462 2798 579 2869 πατρίδα)
605 2800 686 2865 1138
729 2819 798 2870 pass.
819 2800 873 2870 (ἐπ’

268 2885 400 2957 ἀλλοτρίας
418 2885 495 2953 νεώς)
514 2886 590 2950 3631

217 2980 306 3045 σῶμα
316 2993 413 3044 corpus.
427 2975 462 3045 μὴ
474 2973 594 3028 δυνασθαι
605 2978 643 3047 τῷ
653 2978 752 3046 σώματι
763 2978 874 3033 ίππεΰειν

268 3062 285 3132 ἡ
304 3062 338 3132 τῇ
355 3061 426 3133 οδσίρ
440 3061 518 3129 5333
549 3063 578 3116 τὸ
597 3070 672 3133 σῶμα
691 3070 875 3138 πεπηρωμένος

270 3149 348 3216 5332
376 3168 484 3218 persona
497 3149 614 3222 φυλακὴν
626 3153 711 3224 έαυτῷ
728 3155 814 3209 δοῦναι
832 3161 876 3209 τοῦ

271 3239 389 3305 σώματος
414 3238 494 3304 1530
536 3240 571 3310 μὴ
595 3241 714 3300 δυνατοὺς
737 3243 798 3297 είναι
825 3253 877 3302 τοῖς

270 3327 382 3395 σώμασιν
405 3325 516 3378 ἱππείνειν
538 3327 627 3391 5331
657 3337 709 3388 τοῖς
732 3329 876 3384 δυνατωτά·

270 3432 322 3472 τοις
344 3414 388 3466 καὶ
411 3422 464 3473 τοῖς
482 3415 607 3487 χρήμασιν
626 3417 773 3489 λῃτουργεῖν
791 3419 874 3484 3332

269 3520 388 3572 personae
416 3503 439 3555 οἱ
461 3503 587 3573 δανεισμοὶ
614 3505 654 3559 ἐπὶ
681 3514 733 3565 τοῖς
761 3508 874 3577 σώμασιν

269 3590 333 3662 ἦσαν
351 3589 413 3655 330
431 3590 492 3655 538
511 3593 572 3656 630
592 3594 667 3660 1036

217 3679 277 3748 σῷς
296 3678 438 3750 (χρήματα)
458 3679 537 3736 3438

216 3767 328 3837 σωτηρ.
363 3770 402 3836 τῷ
414 3763 454 3819 Διί
472 3769 511 3837 τῷ
529 3765 630 3840 Σωτῆρι
648 3770 709 3834 64,3

217 3854 355 3925 σωτηρία
379 3855 436 3924 (τῆς
459 3856 569 3925 πόλεως)
593 3858 638 3922 7,7
676 3858 741 3924 (τών
765 3857 873 3924 παίδων)

221 3945 224 3951 ’
269 3941 330 4007 235
361 3945 527 4014 συγγράψουσι
545 3947 664 4016 περὶτῆς
683 3946 808 4017 σωτηρίας
827 3945 875 4011 (sc.

269 4034 315 4101 τῖης
333 4031 442 4097 πόλεως)
462 4031 522 4094 333
543 4033 664 4096 ε1.33,11

217 4121 434 4190 σωφρονιστὴς
447 4136 514 4188 mag.
525 4125 570 4172 att.
581 4122 833 4190 44,1ορ1υι.44,16.
844 4120 875 4173 17

217 4468 240 4524 Τ
245 4469 377 4524 άλαντον
392 4473 491 4538 pondus
513 4474 587 4540 1135
624 4493 731 4525 nummus
750 4474 829 4540 2030

216 4560 330 4627 ταμ1ατ
348 4561 416 4626 ρ1υτ.
430 4562 588 4628 generaliter
607 4580 675 4632 mag.
689 4563 874 4630 ε11.(1)ταοου-

271 4648 317 4715 tis)
341 4647 405 4710 533
448 4649 576 4717 (Solonis)
605 4650 652 4717 8,4
697 4648 711 4702 δ
739 4651 794 4720 περί
822 4655 874 4701 τῶν

270 4741 370 4802 ταμιῶν
394 4735 471 4804 νόμος
489 4738 596 4791 Solonis
615 4738 747 4805 9‚10sqq.
785 4736 875 4805 ταμίας

270 4829 322 4875 τών
349 4824 424 4894 ίερών
447 4828 586 4895 χρημάτων
613 4845 645 4898 τη
674 4826 726 4895 θεῷ
754 4825 796 4877 καί
823 4833 875 4883 τοῖς

271 4909 355 4969 ἄλλοις
373 4911 441 4972 θεοῖς
459 4915 520 4967 δέκα
538 4913 601 4972 34,7
638 4913 724 4981 ταμίαι
742 4909 872 4983 τῆςἌθη-

1415 326 1426 380 1
1455 325 1589 381 INDEX

980 505 1025 558 νᾶς
1047 498 1131 562 4930
1154 499 1187 553 σί.
1204 501 1268 565 71,9
1284 515 1343 568 sqq.
1383 499 1397 554 δ
1420 501 1511 570 ταμίας
1533 507 1589 554 τῶν

982 593 1172 656 στρατιωτικῶν
1190 587 1250 651 453
1270 587 1330 653 503
1344 587 1423 653 5330
1453 589 1511 656 (τῆς
1529 590 1590 659 βαυ-

981 674 1038 744 λῆς)
1062 675 1126 742 543
1169 676 1225 746 (τῆς
1252 674 1370 746 Παράλου
1399 678 1442 730 καὶ
1469 681 1515 748 τῖγς
1542 682 1589 732 τοῦ

975 759 1120 830 Ἄμμωνος)
1139 763 1217 827 7233

928 848 1098 924 ταξίαρχος
1117 867 1186 921 mag.
1200 859 1247 906 att.
1262 853 1330 923 plur.
1345 852 1405 919 34,ss
1425 854 1486 921 72,3

927 937 1023 999 τάξις.
1054 940 1070 1009 ἡ
1089 946 1141 992 τῶν
1151 937 1335 1011 Ἀρεοπαγιτῶν
1354 941 1433 1013 βουλὴ
1453 944 1499 1012 τἠν
1519 943 1589 1006 τάξιν

980 1026 1033 1100 είχε
1060 1031 1105 1080 του
1128 1027 1253 1099 διατηρεῖν
1280 1028 1328 1093 53
1370 1028 1427 1101 (τῆς
1449 1030 1588 1099 πολιτείας)

979 1114 1096 1182 53130
1113 1115 1192 1179 4233
1222 1117 1257 1175 είς
1275 1118 1322 1187 την
1340 1116 1420 1190 αὐτὴν
1437 1119 1507 1180 τάξιν
1525 1119 1589 1173 ἁπο-

979 1201 1069 1256 δώσειν
1082 1204 1157 1265 1136
1188 1205 1219 1256 τά
1232 1206 1287 1275 περὶ
1299 1206 1343 1264 τάς
1355 1205 1436 1267 τάξεις
1450 1208 1589 1273 (militum)

979 1291 1037 1354 45,1

926 1381 1099 1449 ταράττειν.
1130 1385 1176 1451 τῆς
1194 1381 1292 1439 πόλεως
1310 1384 1497 1456 τεταραγμένης
1512 1385 1590 1450 1430

927 1468 1047 1542 ταραχή
1069 1469 1135 1535 plur.
1150 1470 1270 1537 (civium)
1290 1470 1369 1536 2630

927 1555 1113 1628 ταραχώδης
1132 1557 1276 1625 (πολιτεῖαι)
1296 1558 1374 1622 3232

927 1645 1059 1696 τάττειν.
1090 1647 1161 1712 (τοὺς
1178 1648 1294 1717 πρώτους
1313 1647 1415 1717 φόρους)
1432 1648 1511 1716 2734
1541 1651 1589 1722 τὴν

980 1729 1219 1803 τῶνἏρεοπαγιτῶν
1230 1732 1323 1803 βουλὴν
1333 1735 1419 1797 ἔταξεν
1429 1737 1469 1791 iul
1476 1738 1505 1791 τδ
1512 1758 1588 1808 νομο·

980 1820 1102 1891 φυλακεῖν
1118 1821 1175 1884 10,3
1210 1822 1254 1875 τὸν
1273 1822 1386 1892 σταθμὸν
1405 1827 1511 1896 ἄγοντας
1530 1826 1590 1882 ὅσον

981 1908 1011 1962 δν
1035 1908 1105 1962 οὗτοι
1128 1909 1249 1970 τάξωσιν·
1273 1911 1286 1964 θ
1312 1914 1359 1985 γάρ
1382 1916 1458 1982 νόμος
1481 1916 1590 1974 τούτους

980 1995 1077 2050 κιλιίιει
1088 2000 1185 2051 τάττειν
1196 2000 1256 2063 553
1283 2000 1367 2071 ἥντιν’
1380 2002 1409 2054 δν
1423 2002 1493 2056 οὗτοι
1505 2003 1589 2065 τάξω·

981 2101 1018 2138 σιν
1037 2087 1112 2158 τιμὴν
1128 2087 1263 2157 λαμβάνειν
1274 2089 1335 2153 413
1365 2094 1511 2160 τεταγμένοι
1526 2092 1591 2164 πρός

980 2193 1007 2227 τε
1019 2176 1063 2233 τὰς
1076 2177 1190 2246 είαροράς
1204 2178 1246 2229 καὶ
1264 2179 1309 2235 τὰς
1321 2177 1432 2238 δαπάνας
1451 2183 1496 2239 τάς
1508 2199 1591 2250 γιγνο-

982 2263 1058 2331 μένας
1082 2264 1146 2327 938
1182 2267 1265 2324 στάσις
1288 2263 1361 2337 ἐφ’γ)
1380 2270 1532 2337 τεταγμένος
1555 2269 1588 2340 ἦν

982 2347 1157 2422 Πεισίστρατος
1183 2353 1260 2418 1531
1304 2355 1327 2407 ο1
1350 2356 1391 2408 έπλ
1408 2356 1491 2428 τουτιρ
1514 2377 1588 2411 τετα-

979 2440 1066 2508 γμένοι
1086 2441 1143 2508 18,6

926 2531 1022 2597 τάφος
1041 2527 1084 2590 33

925 2620 1029 2691 τάχος.
1065 2617 1105 2671 διὰ
1123 2619 1218 2690 τάχους
1236 2618 1313 2683 3636

926 2709 957 2761 τί
975 2709 1115 2762 enuntiata
1139 2709 1254 2777 iungens
1277 2713 1307 2760 ut
1330 2708 1438 2779 vulgare
1460 2713 1506 2764 καί
1524 2711 1588 2767 Solo

981 2797 1059 2865 1330
1095 2812 1148 2849 non
1168 2797 1229 2849 item
1244 2797 1410 2851 Aristoteles.
1446 2817 1506 2853 nam
1527 2803 1589 2855 ἀνα-

979 2862 1426 2966 κιιοωωςρίηῑιοιουργοομο)
1457 2894 1588 2944 των

979 2974 1059 3028 8οίοο
1079 2973 1143 3038 637
1180 2974 1207 3026 τέ
1225 2975 1269 3027 καί
1287 2976 1446 3030 coniunctim
1467 2979 1529 3031 Solo
1547 2980 1589 3042 13.

982 3062 1013 3115 17
1035 3062 1091 3126 143
1112 3061 1176 3115 scol.
1193 3060 1254 3128 22,8
1284 3063 1443 3119 Aristoteles
1466 3068 1492 3119 α1
1510 3068 1589 3139 άρχαὶ

981 3149 1113 3221 κληρωταί
1135 3169 1162 3203 τε
1182 3152 1225 3204 καί
1243 3151 1328 3222 κδριατ
1351 3154 1433 3215 6135
1451 3154 1508 3220 (ubi
1534 3156 1588 3208 for-

980 3245 1051 3293 tasse
1064 3246 1139 3292 πᾶσαι
1154 3245 1214 3306 post
1225 3258 1253 3291 τε
1266 3241 1438 3294 inserendum
1452 3243 1484 3294 cf.
1498 3243 1588 3309 45,9);

982 3346 1112 3398 nusquam
1142 3328 1208 3381 alias
1235 3328 1307 3392 (nam
1332 3329 1398 3394 66‚3
1422 3331 1450 3382 in
1478 3332 1588 3400 supple·

982 3427 1070 3472 mento
1089 3424 1131 3468 est
1143 3418 1221 3471 etiam
1241 3415 1294 3469 alia
1312 3416 1344 3469 de
1357 3433 1437 3470 causa
1454 3420 1520 3473 satis
1540 3421 1590 3473 du·

981 3508 1044 3570 bio).
1086 3507 1165 3558 immo
1189 3504 1232 3557 hic
1255 3511 1408 3558 constanter
1432 3506 1587 3560 disiunctim

982 3596 1073 3663 posuit
1085 3595 1166 3647 attico
1179 3609 1264 3646 more:
1277 3593 1336 3651 τους
1348 3612 1375 3646 τε
1388 3595 1530 3664 γνωρίμους
1542 3597 1589 3648 καί

979 3683 1010 3736 τὸ
1032 3680 1130 3751 πλῆθος
1153 3680 1199 3746 33
1237 3683 1352 3750 itemque
1371 3683 1436 3748 6,10
1455 3682 1501 3746 8,9
1520 3683 1588 3745 9,18

984 3773 1041 3833 10‚4
1069 3770 1196 3834 113023
1223 3769 1278 3831 123
1306 3769 1381 3834 1532
1408 3770 1484 3836 1832
1510 3771 1587 3834 1934

980 3859 1063 3923 2030
1086 3858 1147 3919 223
1176 3857 1239 3924 283
1263 3856 1328 3923 29,8
1347 3858 1483 3921 343618
1502 3859 1587 3921 3634

979 3947 1062 4014 3734
1081 3945 1171 4011 3833.
1182 3946 1216 3998 25
1239 3945 1330 4008 3935.
1344 3945 1427 3998 17.19
1450 3946 1588 4010 403318

980 4036 1059 4099 4230
1081 4032 1143 4098 483
1162 4033 1240 4100 4937
1260 4034 1328 4096 503.
1342 4034 1373 4087 13
1393 4034 1451 4098 52,7
1471 4033 1584 4095 55,6.11

981 4122 1045 4190 593
1065 4123 1136 4187 613.
1149 4120 1217 4174 633
1241 4120 1324 4184 6333
1346 4121 1411 4186 66,3
1430 4127 1497 4175 extr.
1521 4123 1588 4186 68‚3

980 4210 1058 4277 7433
1077 4209 1137 4273 77,3
1155 4209 1216 4272 79,6
1246 4210 1514 4263 τέ...κα1...οιαί
1526 4210 1587 4277 639

981 4300 1023 4361 7,0
1036 4298 1115 4360 2734
1128 4297 1188 4361 353
1201 4297 1263 4364 40,5
1276 4297 1354 4367 5139
1366 4297 1427 4363 543
1447 4297 1506 4362 63,6
1525 4297 1588 4363 08,6

981 4387 1059 4453 7034
1079 4385 1157 4452 7132
1187 4384 1588 4449 τέ...καί...ιια1...50,3

981 4475 1045 4540 693
1088 4478 1116 4526 τὲ
1130 4513 1137 4525 .
1151 4512 1157 4526 .
1171 4512 1178 4525 .
1191 4474 1234 4526 καί
1256 4482 1352 4542 quater
1373 4476 1493 4527 iteratum
1519 4473 1588 4534 48,8

980 4564 1005 4616 σέ
1027 4559 1052 4614 τ’
1067 4561 1137 4614 ἄλλοι
1160 4563 1203 4613 καί
1226 4561 1257 4630 δη
1276 4563 1320 4614 καί
1340 4562 1416 4626 1932
1435 4561 1523 4624 ε1.3,6
1545 4563 1588 4628 18,

983 4652 1066 4703 15-
1086 4646 1164 4720 ἐτρίᾦ
1183 4668 1209 4701 τε
1222 4649 1330 4720 λήψεται
1353 4651 1428 4714 1730
1447 4651 1505 4702 sim.
1525 4649 1588 4713 373

927 4738 1077 4808 τειχίζειν
1102 4738 1159 4806 (τὴν
1184 4735 1337 4809 Μουνιχίαν)
1361 4736 1443 4801 2132
1481 4736 1587 4807 (Λειώδ-

980 4825 1058 4898 δριον)
1079 4826 1139 4888 223

926 4919 1032 4984 τεῖχος
1049 4912 1088 4974 (τὸ
1102 4910 1259 4980 καλούμενον
1272 4908 1439 4982 Πελαργικόν)
1452 4911 1512 4976 233
1544 4913 1587 4977 (τὸ
