3510 5610
196 310 264 394 436
350 315 494 412 παντελής
1399 325 1412 381 1
1440 320 1568 382 mnmx
1637 402 1639 405 ι

200 485 369 572 παντέλής]
398 501 458 555 ίδὼν
477 503 523 572 χάρ
542 520 597 555 τινα
613 500 747 560 παντελῶς
764 503 856 572 πίτρας
960 501 1052 569 νικίαν)
1067 500 1110 565 6,8
1129 505 1192 566 (τοῖς
1204 499 1331 560 πλουσίοις
1343 503 1378 572 μή
1392 500 1566 567 πλεονεκτεῖν)

250 590 343 658 (πονοι
362 590 445 656 παρετ)
464 590 608 643 σκάπτοντά
629 590 688 656 193
961 590 1018 655 631
1057 589 1195 658 (ἀσελγείας
1213 588 1299 648 αὺτοῖς
1313 589 1467 655 παθσασθαι)
1486 591 1566 658 3837

199 676 353 732 πάντοθεν
373 678 434 731 Solo
457 678 515 741 1446
618 664 620 668 Α
906 685 1069 749 παραιρεῖν
1088 679 1156 731 med.
1175 681 1231 742 (τοῦ
1249 677 1332 748 δήμου
1348 677 1466 742 τδδπλα)
1487 677 1567 744 1738

198 768 275 820 πάνυ
295 765 394 837 (πίνης)
413 765 474 832 503
906 765 922 783 ”
962 766 1021 832 183
1040 766 1073 819 cf.
1092 765 1170 830 3937
1206 761 1405 837 (Αρεοπαχιτῶν
1422 766 1485 832 lma)
1504 765 1568 832 30‚4

193 853 280 926 ’παρά
298 871 320 907 c.
340 872 400 924 gen.
420 852 571 924 κομίσασθαι
593 855 625 906 τά
644 855 764 927 χρήματα
787 857 854 927 παρά
960 854 1038 921 3937
1398 873 1401 877 ’

249 949 301 995 τῶν
314 942 500 1011 δανεισαμένων
520 942 597 1007 2635
633 943 752 1013 λαβόντες
764 943 854 996 ἀσπίδα
906 940 1153 1012 παρακαθῆσθαι
1172 946 1215 1014 (τῇ
1234 942 1326 1014 βουλῇ)
1345 943 1422 1005 6031

250 1031 294 1083 καί
311 1030 371 1100 δόρυ
384 1031 451 1100 παρὰ
468 1031 623 1101 τῆςπόλειος
642 1031 701 1097 453
715 1035 774 1086 sim.
793 1032 853 1097 463
906 1029 1104 1101 παρακαλεῖν
1123 1033 1180 1084 οδε.
1201 1031 1260 1098 17,5

193 1126 194 1130 ’
252 1117 312 1184 543
343 1119 392 1170 κάν
410 1137 448 1177 τις
459 1118 601 1189 δανείσηται
619 1121 687 1189 παρά
698 1121 765 1178 τινος
776 1120 853 1191 ἀφορ-
906 1117 1164 1188 παραλαμβάνειν
1192 1118 1249 1187 (τὴν
1277 1118 1370 1189 ἀρχήν)
1398 1117 1476 1182 3936
1526 1120 1565 1185 (τὸ

250 1208 301 1279 μήν
319 1207 398 1273 5630
428 1208 573 1278 μαρτυρίαις
589 1214 643 1266 ταῖς
655 1208 723 1280 παρὰ
735 1212 780 1262 τοῦ
793 1208 854 1261 διαι·
960 1206 1059 1276 ἄγαλμα
1077 1210 1123 1276 τῆς
1138 1203 1263 1276 Ἀθηνᾶς)
1281 1204 1346 1270 503
1388 1207 1429 1273 (τά
1447 1225 1565 1279 γραμμα-

249 1297 327 1366 ’τητοῦ
346 1293 456 1366 χρῆσθαι
469 1294 528 1359 583
557 1297 592 1354 είς
609 1298 655 1367 τήν
674 1298 776 1368 πομπήν
795 1297 853 1349 ἀνα·
959 1298 1022 1357 τοῖα)
1039 1294 1117 1362 5133
1149 1293 1205 1361 (τόν
1223 1293 1375 1363 κατάλογον)
1393 1295 1454 1359 533
1491 1296 1565 1365 (omm-

193 1381 197 1388 “
249 1382 356 1451 λιδματα
369 1380 431 1453 παρ’
445 1383 530 1436 αδτῶν
543 1384 678 1454 ἀνήλισκον
692 1386 750 1450 643
775 1404 853 1455 παρα·
960 1383 1045 1452 βολον)
1064 1381 1124 1449 773
1161 1382 1321 1452 (βακτηρίαν)
1339 1382 1401 1449 823
1438 1383 1508 1448 (τοὺς
1521 1403 1565 1458 χο-

248 1471 371 1540 ’λαμβάνει
398 1471 523 1541 σἰμβολον
552 1474 622 1543 παρὰ
649 1471 694 1525 τοῦ
722 1472 853 1545 εἰληχότος
959 1470 1060 1539 ρηχοὺς)
1084 1469 1166 1536 6333
1207 1470 1263 1522 abs.
1282 1469 1349 1534 48,8
1371 1468 1452 1532 5331
1479 1473 1523 1539 57,
1534 1473 1566 1527 10

193 1578 198 1587 ·
248 1557 343 1628 ταίιτην
370 1559 416 1628 τήν
445 1560 527 1630 ἀρχήν
554 1557 615 1625 773
660 1562 727 1631 παρά
754 1561 853 1613 τοὺτιον
958 1557 1018 1624 583

191 1668 194 1671 ’
248 1646 452 1716 ἀπολαμβάνουσι
471 1647 500 1700 τὸ
519 1649 672 1720 πρόγραμμα
690 1649 751 1714 783
904 1645 1061 1716 παράλιος.
1091 1650 1137 1717 τῆς
1155 1644 1278 1715 παραλίας
1296 1646 1345 1712 (sc.
1363 1649 1418 1716 γῆς,
1437 1662 1500 1716 σρρ.
1519 1653 1567 1720 τῆς

283 1734 377 1788 udat.
396 1736 463 1804 παρὰ
482 1743 535 1794 τοῖς
548 1733 671 1806 Ἕλλησιν
689 1737 853 1809 εδδοκιμῆσαι
957 1735 1013 1806 περὶ
1031 1735 1060 1787 τὸ
1079 1735 1150 1798 άστυ,
1168 1738 1214 1804 τῆς
1232 1735 1373 1803 μεσογείου)
1386 1734 1466 1800 3430
1495 1737 1566 1803 plur.

191 1819 195 1847 ²
247 1823 325 1889 3435
364 1822 546 1891 εὐδοκιμοῦντα
564 1826 631 1893 παρὰ
649 1831 702 1884 τοῖς
720 1827 853 1883 ἐπιεικέσιν
957 1823 1036 1876 factio
1056 1828 1102 1876 att.
1116 1824 1196 1887 (coni.
1214 1822 1336 1887 πεδιακοί,
1361 1821 1481 1894 διάκρῑοι)
1503 1823 1565 1887 15,8

190 1907 194 1936 ⁵
244 1911 308 1975 31,3
344 1911 435 1968 ἐῶντες
452 1914 498 1968 τάς
515 1929 542 1963 τε
554 1910 679 1971 πολιτείας
698 1913 755 1986 παρ’
769 1919 853 1981 αὐτοῖς
903 1909 1142 1981 παραλλάττειν.
1180 1911 1214 1968 είς
1235 1910 1283 1981 τήν
1306 1911 1385 1982 αὐτὴν
1408 1911 1478 1972 τάξιν
1502 1911 1567 1964 ἀπο-

191 2009 193 2017 ·
247 1991 326 2063 3830
361 1996 419 2068 παρ’
439 1999 522 2057 αιἰτοῖς
541 1999 680 2068 ίφόλαττον
699 2007 757 2066 τοὺς
775 2010 851 2079 ὲρνω.
956 1996 1445 2068 δώσεινήμικρδνπαραλλάξειν1136
1473 1999 1568 2070 μικρὸν

246 2087 351 2155 σμένους
368 2086 428 2149 393
957 2086 986 2140 δν
1005 2087 1174 2156 παραλλάττοι
1192 2094 1244 2144 τοῖς
1261 2086 1359 2159 χρόνοις
1378 2087 1440 2152 434
1458 2087 1504 2153 (cf.
1520 2090 1567 2140 Ar.

282 2191 304 2229 c.
323 2191 376 2229 τοο.
400 2175 448 2228 Ιοο.
474 2175 657 2244 διακοσμοῦνεα
679 2176 725 2245 τήν
748 2172 851 2243 πομπὴν
956 2176 1012 2229 Ροί.
1033 2172 1093 2229 Α6.
1115 2174 1252 2236 1954424)
1274 2208 1276 2212 1
1474 2190 1475 2193 ¹

192 2266 195 2272 ’
246 2264 313 2332 παρὰ
336 2263 365 2315 τὸ
385 2262 543 2332 Λεωκόρειον
568 2264 632 2328 313
670 2263 770 2317 ίλθόντι
791 2260 849 2333 παρ’
892 2263 1098 2336 Ιπαραμελεῖν
1117 2265 1180 2330 (τῶν
1199 2262 1290 2333 ίρχιον)
1312 2263 1368 2328 193

192 2350 321 2404 ·-αὐτόν
341 2350 419 2421 3034
454 2352 553 2404 ἵσταται
573 2353 589 2422 ή
611 2350 691 2422 στήλη
705 2354 773 2425 παρὰ
791 2355 851 2410 τοὺς
902 2359 1069 2422 παρανοεῖν
1088 2353 1167 2415 6430

222 2439 394 2512 ἱίπιονδμους
412 2438 472 2506 59,5
508 2452 592 2492 contra
611 2438 669 2512 παρ’
683 2441 711 2493 δν
728 2440 850 2494 ἀδικεῖται
901 2443 1061 2511 παράνοια.
1098 2441 1234 2511 παρανοίας
1252 2440 1331 2510 (δίκη)
1350 2439 1430 2506 6430

190 2547 193 2552 ·
244 2529 321 2597 νόμον
345 2526 411 2590 538
452 2527 510 2585 τοὺς
533 2528 668 2601 τῷδήμῳ
691 2529 754 2598 πρὸς
775 2531 848 2603 χάριν
901 2538 1096 2602 παρανομεῖν
1116 2528 1194 2591 3336

245 2615 393 2685 ὁμιλοῦντας
411 2617 478 2685 παρὰ
496 2615 526 2668 τὸ
546 2614 673 2685 βέλτιστον
692 2617 752 2683 383
902 2621 1092 2688 παράνομος.
1129 2616 1212 2687 γραφή
1237 2615 1391 2685 παρανόμων
1413 2615 1499 2680 3339
1518 2616 1564 2680 49,

192 2704 396 2777 παραβαίνειν
417 2704 551 2767 (τινὰτῶν
570 2704 667 2772 νόμιον)
688 2704 747 2770 736
957 2708 988 2760 19
1030 2707 1188 2777 γραψάμενος
1212 2705 1241 2757 τὸ
1265 2705 1385 2775 ψήφισμα
1406 2703 1437 2756 τὸ
1461 2701 1563 2778 Θρασυ·

192 2793 387 2864 παράδειγμα
406 2790 518 2860 ποιήσειν
531 2790 620 2845 ἀπασιν
634 2793 776 2863 (exemplum
796 2803 849 2843 sta·
955 2795 1047 2865 βοδλου
1065 2794 1221 2865 παρανόμων
1239 2792 1317 2856 4134
1337 2791 1399 2859 69,8

245 2884 322 2949 tuere)
359 2881 426 2949 plur.
449 2881 615 2944 aedificiorum
638 2892 691 2932 cett.
716 2880 849 2932 simulacra
901 2882 1127 2954 παραπλήσιος.
1147 2879 1322 2951 παραπλησίαν
1336 2879 1413 2932 οὖσαν
1425 2881 1472 2952 τήν
1487 2878 1563 2935 Κλιι.

239 2969 375 3033 (Μοόείίο)
394 2968 472 3033 5337
823 3012 825 3015 .
954 2969 1057 3029 σθένους
1069 2969 1199 3023 πολιτείαν
1217 2970 1250 3040 τη
1262 2967 1380 3027 Σόλωνος
1392 2968 1453 3035 333
1481 2989 1562 3041 παρα·

191 3056 399 3129 παραδιδόναι
417 3057 464 3127 τήν
484 3055 621 3126 ἀκρόπολιν
637 3064 690 3115 τοῖς
700 3053 847 3127 Ἀθηναίοις
953 3058 1066 3130 πλησίως
1085 3059 1132 3111 ίσοι
1151 3055 1237 3121 7437

244 3145 304 3212 233)
346 3145 415 3212 (τοὺς
439 3145 592 3217 στρατηγοὺς
614 3152 667 3204 τοῖς
690 3144 778 3198 ἕνδεκα
800 3142 847 3198 θα·
899 3147 1150 3216 παρασκευάζειν
1168 3163 1262 3215 parare
1275 3145 1397 3216 (εἰρήνην)
1415 3144 1472 3209 193
1504 3164 1560 3197 cor·

243 3235 311 3302 νάτῳ
334 3234 471 3304 ζημιῶσαι)
496 3233 578 3300 3336
626 3232 666 3297 (τὸ
695 3234 847 3303 πρόγραμμα
950 3253 1061 3304 rumpere
1079 3235 1154 3304 (μήτε
1172 3233 1216 3286 τὸν
1236 3233 1276 3285 ἐπὶ
1293 3232 1323 3285 τὸ
1340 3231 1409 3302 ὕδωρ
1422 3233 1487 3304 μήτε
1502 3235 1560 3291 τοὺς

243 3321 337 3387 αιἰτσῐς)
356 3322 417 3387 483
455 3321 512 3389 (τὴν
537 3327 628 3390 χνῶσιν
649 3327 694 3373 τοῦ
719 3321 847 3390 διαιτητοῦ
952 3324 992 3375 ἐπὶ
1010 3323 1056 3380 τάς
1074 3322 1184 3392 ψήφους)
1204 3320 1263 3388 78,6

241 3417 294 3467 τοῖς
310 3395 335 3472 δ)
354 3409 414 3476 583
451 3408 636 3480 (ἐξειργασμένα
655 3412 734 3461 ταῦτα
752 3410 786 3479 τη
803 3410 847 3480 νέᾳ
899 3412 1091 3481 παράστασις
1114 3408 1260 3480 impendium
1283 3408 1335 3459 litis
1359 3406 1486 3477 (θοδιῖλε)
1511 3410 1559 3464 είσλ

242 3489 333 3568 βουλή)
352 3496 431 3560 4933
468 3501 566 3560 (τοῦτον
586 3495 750 3568 δικαστηρίῳ)
767 3497 846 3561 4938
952 3501 1045 3569 γραφαί
1062 3498 1125 3569 πρὸς
1143 3495 1284 3556 αδτοδς-ὧν
1296 3498 1449 3567 παράστασις
1460 3495 1558 3551 τίθεται

243 3587 276 3639 τί.
295 3586 372 3651 5034
414 3586 476 3650 (τοῖς
497 3585 647 3643 ’άποδίκταις
671 3584 735 3637 αδτά
757 3588 846 3648 ταῦτα)
952 3588 1031 3652 6930

243 3673 307 3740 51,8
344 3675 393 3737 (τὰ-
408 3672 457 3725 ίδια
479 3680 531 3731 τοῖς
554 3673 682 3730 δικασταῖς
704 3680 756 3732 τοῖς
779 3674 845 3726 κατὰ
898 3679 1178 3746 παραστρατηγεῖν.
1220 3669 1494 3744 παραστρατηχηθήναι
1517 3673 1557 3727 διὰ

242 3761 348 3832 δήμους)
372 3760 431 3825 533
457 3761 488 3813 cf.
507 3761 567 3825 363
590 3760 651 3825 56,5
670 3761 842 3826 57307131
951 3769 1003 3816 τῶν
1022 3763 1103 3832 φίλων
1123 3760 1183 3826 635

240 3849 301 3916 77,8
337 3849 381 3906 οδς
399 3848 598 3909 ἀνκαταλέξιυσι
614 3844 776 3918 παραδιδόασι
794 3855 846 3907 τοῖς
898 3859 1091 3922 παρατηρεῖν
1111 3846 1227 3914 (Ἱππίαν)
1246 3848 1324 3915 3034
1370 3879 1371 3882 =

236 3937 375 4008 ’1ππάρχοις
394 3938 436 3989 καλ
449 3937 587 4009 φυλάρχοις
606 3937 667 4002 53,8
686 3938 748 4002 563
767 3938 846 4000 5730
897 3937 1113 4012 παρατιθίναι.
1152 3937 1286 4006 βακτηρίαι
1298 3933 1476 4007 παρατίθενται
1489 3938 1555 3990 κατὰ

241 4025 300 4086 586
338 4025 379 4090 (τὸ
399 4021 437 4094 ἀφ’
456 4025 547 4077 ἑαυτοῦ
566 4026 712 4094 χιχνάμενον
730 4031 783 4083 τοῖς
801 4046 845 4078 τα·
949 4029 995 4098 τήν
1015 4025 1109 4079 εἴσοδον
1128 4025 1189 4091 743
1225 4027 1376 4096 παράκειται
1394 4025 1432 4096 τῳ
1452 4024 1555 4098 ἄρχοντι

240 4113 307 4182 μίαις
324 4105 501 4182 ,παραδίδωσιν
534 4113 567 4171 είς
600 4113 749 4185 ἀκρόπολιν)
778 4114 844 4178 71,9
950 4114 1058 4186 κιβάιτια
1077 4114 1156 4176 7538

240 4202 299 4266 (ἀπὸ
334 4205 380 4270 τῆς
410 4201 492 4271 φυλῖης
521 4201 629 4271 ἑκάστης
663 4203 696 4254 τά
725 4201 845 4272 κιβιδτια)
897 4204 1108 4274 παρατρίφειν
1131 4202 1244 4270 (κήρυκα
1267 4201 1311 4253 καὶ
1329 4200 1453 4272 αδλητήν)
1472 4199 1555 4267 7330

240 4290 299 4355 77,6
332 4290 443 4360 (ἑκάστῳ
461 4296 514 4342 τῶν
527 4289 655 4342 δικαστῶν
672 4290 715 4343 δἰο
733 4290 844 4360 ψήφους)
896 4293 1081 4364 παραυτίκα.
1122 4289 1184 4359 πρὸς
1206 4290 1402 4361 τάπαραυτίκα
1421 4278 1554 4357 βλέποντες

239 4378 318 4445 80‚10
949 4381 1008 4447 ναι
1068 4407 1070 4411 -
1350 4368 1351 4371 ’
1417 4366 1418 4371 ’
1453 4368 1456 4375 ’
1498 4366 1500 4370 ’

187 4466 370 4544 παράδοξος.
415 4466 454 4518 διά
478 4466 506 4519 τὸ
530 4465 672 4536 παράδοξον
695 4465 781 4526 αὐτοῖς
803 4487 842 4538 χε·
896 4472 1089 4541 παραχρῆμα
1108 4466 1169 4531 313

237 4554 324 4608 νίσθαί
341 4554 390 4623 τήν
408 4556 559 4607 κατάστασιν
580 4554 656 4620 1135
701 4576 704 4583 ·
895 4562 1097 4629 παραχωρεῖν
1122 4557 1180 4623 (τῆς
1198 4551 1336 4623 βασιλείας)
1360 4551 1426 4620 433
1462 4553 1553 4626 (αδτής

185 4643 403 4715 παραιβατεῖν.
454 4638 627 4714 Πεισίστραρος
659 4640 704 4711 ἐφ’
731 4640 844 4711 ἅρματος
947 4648 986 4715 τῳ
1005 4644 1141 4711 ἀξιώματι)
1161 4641 1240 4707 3739

238 4731 368 4800 είσήλαυνε
403 4729 607 4802 παραιβατο·ὀσης
643 4734 689 4800 τῆς
726 4731 842 4800 γυναικός
895 4731 1126 4804 παρεχκλίνειν.
1157 4726 1477 4801 ήίπὶΘησίωςχενομάνη
1497 4732 1552 4798 (πο-

212 4837 214 4840 ’
241 4815 330 4883 1736
407 4838 408 4842 ’
508 4814 537 4828 ’ὗ
626 4843 628 4846 v
706 4843 709 4848 ·
946 4819 1034 4882 λιτεία)
1051 4816 1142 4888 μικρὸν
1154 4815 1351 4886 παρεχκλίνουσα
1364 4819 1410 4887 τῆς
1420 4818 1552 4889 βασιλικῆς

185 4912 348 4976 παραινεῖν
368 4903 532 4973 (καταπαθειν
552 4907 598 4979 τήν
612 4908 752 4960 ἐνεστῶσαν
771 4905 841 4977 φιλο·
946 4907 1025 4971 4334
