3510 5610
118 308 342 366 VERBORUM

170 485 282 540 alterum
303 486 347 553 μέν
368 515 400 524 -
419 484 445 537 δέ
464 480 698 550 1ιιίοιὶαίίιιι)52,9
729 486 775 551 μέν

171 573 215 627 οῦν
225 576 402 627 narrationem
413 574 571 626 continuans
577 570 637 637 332
651 571 775 636 113173

172 663 239 726 193.
250 662 283 715 26
302 661 380 726 2236
399 659 478 724 2533
497 658 646 722 2636313
662 658 775 725 32317

170 749 232 816 363
246 749 324 815 3732
337 749 399 813 463
411 748 480 813 513.
494 745 525 799 18
538 743 598 812 573
618 746 694 808 6031
715 745 775 812 663

170 839 348 891 narrationem
364 837 491 889 claudens
503 832 611 895 43431
627 831 700 897 539
714 832 776 897 730

170 925 395 993 9321034113
416 923 492 987 1439
514 921 590 987 1738
611 919 686 986 1832
706 920 775 987 243.

175 1015 204 1066 11
225 1013 289 1077 273
309 1012 391 1078 2832
411 1011 493 1075 2932
512 1007 622 1078 343131
644 1007 775 1072 353732

170 1101 247 1165 3636
266 1100 344 1165 3737
363 1099 423 1164 383
442 1098 520 1165 4236
538 1097 598 1159 453
618 1096 695 1162 4936
715 1096 776 1164 54,5

170 1188 248 1254 6135
268 1189 327 1252 643
347 1189 425 1250 7032

117 1278 232 1346 μένειν.
263 1278 329 1347 μόνη
348 1283 400 1329 τιῦν
414 1275 501 1347 άρχών
513 1271 577 1342 αὕτη
591 1272 718 1343 μεμένηκε
735 1273 776 1327 διὰ

171 1364 226 1435 βίον
245 1366 288 1417 καὶ
306 1370 349 1416 νῦν
369 1364 410 1430 53
448 1370 498 1420 τοῖς
518 1362 552 1432 μὴ
573 1360 674 1414 θέλουσι
693 1362 775 1429 μένειν

169 1449 225 1504 ἀλλ’
241 1453 360 1522 ἀνάγουσι
372 1451 432 1518 533
460 1451 520 1516 (ἕως
533 1449 685 1520 ἐθάρρησαν)
695 1448 774 1513 4132

169 1543 205 1606 (ἐν
224 1540 303 1604 άστει)
322 1540 412 1606 4030.
424 1539 458 1592 23
495 1538 533 1606 (έν
556 1538 589 1608 τῇ
607 1536 689 1606 θόλῳ)
708 1538 773 1604 483

170 1629 207 1692 (έν
225 1633 259 1702 τη·
278 1630 355 1700 ἀρχῇ)
378 1627 451 1694 1937

116 1716 222 1784 μέντοι
241 1718 430 1783 (οιοοιεθαέιιω)
449 1714 527 1781 3232

117 1806 253 1875 μερίζειν
272 1805 350 1872 (κατὰ
373 1805 417 1860 τάς
436 1802 647 1875 προϋπαρχοῦσας
664 1805 772 1873 τριττῦς)

170 1894 247 1960 2437
279 1894 334 1958 (τὰς
347 1891 491 1960 καταβολὰς
509 1899 564 1948 ταῖς
582 1890 681 1963 ἀρχαῖς)
695 1892 773 1956 5138

117 1982 267 2052 μερισμός
286 1981 349 2049 (τών
368 1979 501 2049 εἰσβολῶν)
521 1979 599 2042 5139

117 2071 216 2140 μέρος.
246 2069 275 2122 τό
294 2069 372 2142 λαχὸν
391 2069 466 2139 μέρος
485 2067 563 2131 3434
583 2066 644 2133 68,8
680 2086 774 2137 πρυτα-

169 2157 232 2210 νεῦει
256 2160 282 2210 ἐν
305 2160 373 2228 μέρει
395 2163 448 2208 τῶν
467 2153 555 2224 φυλῶν
578 2155 672 2224 ἑκάστη
692 2156 774 2220 4534

169 2246 293 2313 036336
324 2246 349 2297 έν
368 2245 406 2313 τῷ
424 2245 494 2314 μέρει
507 2242 585 2308 8230
615 2244 681 2294 κατά
700 2242 774 2313 μέρος

170 2333 229 2400 623
260 2335 327 2401 plur.
341 2333 445 2400 διένειμε
462 2333 599 2403 τριάκοντα
617 2331 681 2401 μέρη
695 2331 772 2393 2439

169 2422 200 2473 cf.
214 2421 292 2487 3436
311 2421 389 2487 5532
409 2419 468 2486 683
487 2419 564 2483 7437

117 2509 287 2578 μεσόγειος.
317 2514 363 2580 τῆς
376 2506 506 2577 μεσογείου
520 2508 596 2575 (opp.
609 2510 655 2576 τῆς
668 2506 724 2576 περὶ
743 2507 772 2561 τὸ

168 2597 239 2660 άστυ,
258 2602 305 2667 της
323 2596 454 2668 παραλίας)
474 2593 553 2659 2430

116 2685 214 2754 μέσος.
246 2685 328 2756 ψῆφοι
346 2685 464 2738 αὐλίσκον
483 2683 585 2755 ἔχουσαι
603 2683 628 2735 έν
647 2686 684 2753 τῷ
702 2683 772 2754 μέσῳ

170 2774 234 2839 803
277 2776 384 2843 politice
407 2772 507 2825 διώκειν
530 2772 577 2841 την
600 2771 679 2841 μέσην
702 2770 772 2824 πολι·

170 2863 237 2915 τείαν
260 2862 322 2926 15,8
358 2860 445 2914 Σόλων
470 2860 501 2930 ην
519 2866 572 2912 τιῦν
591 2861 772 2929 μέσωνι(ομμ.

169 2958 221 3004 τιῦν
240 2951 360 3021 πρώτων)
380 2951 441 3015 630

116 3043 201 3108 μετά.
220 3039 362 3110 ἐπολιόρκει
369 3041 433 3108 μετὰ
442 3034 640 3107 τιῦνἈθηναίων
648 3035 773 3095 2330110.

174 3127 251 3195 1032
277 3128 357 3194 1137
384 3127 461 3188 1531
487 3125 565 3191 1735
585 3124 771 3189 23361831

169 3216 232 3281 333
253 3215 336 3281 3430
354 3216 444 3280 3535.
456 3213 489 3264 28
508 3212 573 3277 393
591 3214 674 3277 4036
693 3214 774 3278 4138

168 3304 320 3370 4231453
339 3302 398 3367 503
418 3302 497 3365 5330
517 3303 577 3367 613
597 3301 675 3368 6334
694 3301 773 3365 6530

170 3391 383 3462 συμβουλεῦεσθαι
411 3391 474 3458 μετὰ
500 3395 546 3460 τῆς
570 3389 662 3459 βουλῆς
690 3389 773 3451 3530

170 3481 226 3546 713
241 3480 296 3544 733
319 3476 773 3549 μεθ’ὁποτέρωνέβοῦλετοσυστάντα

169 3577 294 3640 τυραννεῖν
321 3567 398 3630 1137
437 3567 501 3638 μηδὲ
526 3563 586 3634 μεθ’
602 3567 694 3638 ἑτέρων
719 3569 735 3619 1.
750 3583 772 3618 ε.

170 3659 233 3726 μετὰ
250 3656 395 3726 μηδετέρων
409 3655 484 3721 1032
516 3654 641 3724 σῦμβολον
659 3655 772 3727 χαλκοῦν

170 3748 234 3814 μετὰ
258 3750 303 3798 τοῦ
326 3753 340 3813 γ
359 3744 424 3808 813
470 3742 498 3795 οῦ
520 3744 566 3812 γὰρ
586 3745 697 3811 ἔπεμπον
716 3742 772 3794 τότε

169 3830 229 3903 μεθ’
244 3831 331 3886 ὅπλων
350 3833 410 3895 213
440 3830 563 3899 διελέγετο
582 3833 645 3900 μετὰ
664 3831 773 3901 σπουδῆς

170 3922 230 3989 293

204 4005 773 4079 ααεσμετάτὴνΣόλωνοςάρχην143101ιο.

173 4098 291 4165 15313.
303 4098 335 4150 22
358 4097 467 4162 17319
487 4096 566 4162 2130
584 4096 717 4161 223233
732 4095 775 4162 24,

171 4189 204 4241 10
217 4188 285 4251 263.
298 4187 330 4238 14
343 4186 412 4253 273.
422 4186 455 4238 24
470 4184 546 4248 2833
560 4183 647 4246 2934.
658 4184 692 4236 30
705 4184 774 4251 303.

169 4276 202 4328 23
226 4274 361 4340 313016
384 4273 467 4340 3238
490 4273 571 4337 3637
591 4270 674 4334 3730
692 4270 775 4336 3934

168 4365 255 4429 4234.
265 4364 307 4415 26.
318 4363 360 4414 27.
371 4363 405 4415 28
424 4362 492 4426 433.
505 4361 536 4414 16
548 4360 609 4426 483
623 4359 682 4422 573
714 4355 771 4428 μετ’

170 4452 199 4505 οθ
217 4451 295 4504 πολὺν
308 4451 399 4522 χρόνον
412 4449 491 4515 2930
502 4448 563 4514 373
594 4447 654 4517 μετ’
667 4446 697 4501 οθ
710 4446 774 4500 πολίι

170 4540 213 4603 73
253 4538 342 4610 πρώτη
368 4540 431 4606 μετὰ
454 4536 548 4607 ταῦτην
571 4536 662 4601 4233.
673 4536 706 4588 24
716 4552 772 4606 sqq.

169 4627 264 4698 ἑβδόμη
284 4628 309 4680 δὲ
328 4630 371 4681 καί
389 4626 453 4694 μετὰ
471 4624 566 4695 ταὺτην
584 4625 642 4688 433
665 4624 698 4677 cf.
712 4624 773 4692 43‚5

170 4716 291 4782 βέλτιστοι
309 4717 372 4784 μετὰ
390 4714 448 4772 τοῦς
467 4713 587 4786 ἀρχαίους
609 4713 674 4778 323
711 4715 774 4782 μετά

169 4804 215 4868 (δέ)
235 4808 314 4855 ταῦτα
332 4804 375 4868 33
394 4804 437 4867 4,5
455 4801 516 4865 530
535 4802 576 4865 63
600 4803 676 4866 1130
697 4801 773 4866 1433

172 4892 283 4957 17,9.18
301 4891 379 4957 2138
398 4890 467 4956 263.
481 4890 520 4941 17.
533 4889 564 4942 19
578 4889 638 4954 283
652 4889 773 4956 29313.

1245 307 1333 393 μέχρι
1423 303 1481 372 127

881 482 915 537 28
933 481 1047 550 30332
1066 481 1127 548 313
1146 480 1204 547 323
1225 480 1304 540 3336
1318 479 1395 543 3932
1407 473 1487 546 4133

880 572 942 637 443
956 571 1017 637 633
1048 578 1149 642 πρῶτον
1164 576 1209 640 μέν
1224 609 1230 622 .
1245 609 1250 622 .
1265 609 1271 623 .
1285 571 1349 639 μετὰ
1368 569 1488 624 δὲταῦτα

879 658 1152 713 ...είτα...έπειτα
1171 659 1246 723 6231

828 745 987 818 μεταβολή
1006 747 1125 819 (μεγάλη)
1147 747 1208 813 153
1228 747 1296 815 plur.
1312 747 1388 814 1833
1407 747 1487 814 4230

828 835 1036 904 μεταδιδόναι.
1074 835 1110 894 ώς
1133 834 1323 902 μεταδώσοντες
1346 838 1393 904 τῆς
1416 833 1485 888 πολι·

881 923 967 981 τείας.
981 963 987 976 .
1001 963 1007 975 .
1022 922 1171 993 βουλόμενοι
1185 923 1335 992 μεταδοῦναι
1349 929 1401 980 τοῖς
1413 922 1486 976 έπιει·

882 1012 945 1075 κέσι,
964 1009 1109 1084 τρισχιλίοις
1128 1013 1212 1079 μόνοις
1231 1010 1390 1081 μεταδιδόασι
1408 1010 1484 1076 3831

881 1115 939 1168 sqq.
959 1099 992 1152 cf.
1005 1098 1085 1164 4134
1116 1099 1180 1165 (τοῖς
1197 1099 1226 1152 τὸ
1246 1097 1352 1170 θητικὸν
1370 1097 1485 1151 τελοῦσιν

880 1187 1017 1257 ἐκκλησίας
1029 1187 1072 1239 καλ
1084 1187 1263 1258 δικαστηρίων)
1277 1189 1319 1252 83
1351 1191 1411 1252 (τοῖς
1431 1185 1485 1256 βελ·

880 1276 970 1333 τίστοις
988 1281 1041 1328 τών
1061 1278 1227 1347 πραγμάτων)
1246 1275 1323 1343 3837

826 1364 1013 1434 μεταίχμιος
1033 1363 1073 1430 (τό
1092 1367 1251 1435 μεταίχμιον)
1270 1365 1320 1435 ἐγώ
1340 1362 1366 1416 δέ
1384 1362 1485 1416 τοῦτων

879 1450 963 1522 ὥσπερ
987 1453 1013 1504 έν
1037 1454 1178 1527 μεταιχμίῳ
1203 1451 1260 1524 ὅρος
1279 1453 1403 1521 κατέστην
1423 1451 1485 1505 8010

882 1541 958 1605 1437

826 1636 1012 1697 μετακινεῖν
1031 1631 1100 1694 (τοῦς
1119 1630 1223 1697 νόμους)
1242 1628 1302 1693 353

826 1715 1016 1784 μεταλλικός
1035 1719 1123 1785 (δίκαι)
1142 1717 1202 1781 70,5

826 1805 987 1873 μέταλλον.
1013 1808 1045 1859 τά
1055 1804 1167 1874 μέταλλα
1177 1806 1208 1857 τὰ
1222 1803 1247 1855 έν
1260 1801 1396 1873 Μαρωνείᾳ
1407 1803 1486 1870 2630

878 1895 910 1946 τὰ
933 1893 1045 1962 μέταλλα
1063 1893 1177 1946 πωλοῦσι
1199 1893 1264 1960 503
1300 1894 1332 1946 τά
1355 1890 1483 1964 πραθέντα

879 1981 990 2050 μέταλλα
1013 1983 1045 2035 τά
1070 1978 1096 2034 τ’
1112 1982 1231 2052 ἐργάσιμα
1257 1983 1289 2034 τὰ
1308 1981 1343 2039 είς
1360 1979 1417 2050 τρία
1441 1979 1485 2048 έτη

878 2070 1024 2141 πεπραμένα
1044 2071 1088 2123 καί
1110 2071 1141 2122 τά
1160 2069 1376 2142 συγκεχωρημένα
1399 2067 1431 2120 τά
1450 2067 1485 2124 είς

880 2188 912 2196 -
932 2159 976 2229 ἔτη
995 2158 1140 2231 πεπραμένα
1159 2158 1219 2221 503

827 2245 1039 2318 μεταζπέμπειν
1054 2246 1120 2299 med.
1134 2245 1188 2312 (τίν
1196 2243 1286 2307 Ἴωνα)
1299 2245 1342 2308 43
1361 2244 1393 2297 cf.
1407 2243 1484 2309 2037

878 2335 949 2402 (τοὺς
972 2334 1094 2405 φυγάδας)
1119 2335 1184 2399 243
1221 2333 1332 2402 ἔπεμπον
1355 2328 1484 2387 είςΛακε-

878 2423 984 2492 δαίμονα
1004 2421 1123 2493 βοήθειαν
1144 2421 1364 2490 μεταπεμπόμενοι
1381 2420 1440 2484 403

826 2513 1014 2580 μετάστασις
1033 2513 1096 2578 (τῶν
1116 2509 1142 2571 ἐξ
1160 2512 1250 2582 ἀρχῆς)
1268 2507 1345 2575 4231

825 2598 1026 2667 μετατιθέναι
1052 2600 1117 2654 med.
1130 2601 1267 2670 opinionem
1289 2609 1382 2648 mutare
1405 2595 1483 2659 1134

825 2687 968 2760 μετέχειν
981 2688 1109 2756 (οὐδεμιᾶς
1122 2689 1213 2760 ἀρχῆς)
1227 2686 1269 2752 93
1300 2683 1423 2752 (οὐδενός)
1437 2685 1481 2751 43

878 2776 1061 2845 (τῆςπόλεως)
1077 2776 1153 2838 1033
1166 2774 1242 2837 2931
1275 2777 1330 2842 (της
1348 2772 1483 2836 πολιτείας)

877 2863 955 2927 2433
974 2864 1052 2930 4339
1089 2865 1201 2930 (πάντων
1219 2868 1272 2915 τιῦν
1291 2860 1389 2924 τόπων)
1406 2858 1483 2926 2432

879 2954 934 3017 (τοῦ
957 2950 1110 3021 καταλόγου)
1129 2951 1210 3015 3931
1249 2951 1304 3002 050.
1322 2949 1484 3019 μετεχόντων

878 3039 980 3093 πολλῶν
999 3044 1046 3106 (sc.
1058 3045 1104 3110 τῆς
1122 3038 1248 3110 πράξεως)
1268 3036 1347 3102 2034

825 3130 995 3201 μετέωρος.
1041 3127 1145 3200 όχετοῦς
1173 3126 1317 3196 μετεώρους
1349 3124 1431 3191 5434
1459 3141 1485 3176 ν.

878 3216 1048 3284 Corrigenda.

825 3304 972 3372 μέτοικος
991 3308 1063 3373 (opp.
1077 3304 1186 3375 οἰκέτης,
1213 3302 1292 3368 ξένος)
1312 3302 1375 3365 673
1415 3300 1483 3369 μίυι.

876 3396 949 3462 (σμγ).
963 3394 986 3445 οί
997 3392 1135 3462 Ἀθηναῖοι)
1147 3393 1208 3457 473
1246 3393 1321 3459 (opp.
1335 3390 1358 3442 οί
1376 3388 1485 3450 πολῖται)

878 3482 978 3548 6933
1019 3483 1099 3544 (coni.
1118 3479 1249 3547 έσοτελεῐς,
1273 3477 1396 3551 πρόξενοι)
1416 3476 1482 3544 683

878 3571 912 3636 (01
930 3569 1056 3640 πρόξενοι)
1076 3570 1135 3634 683

824 3659 948 3729 μέτριος
967 3661 1030 3725 (τοῖς
1048 3657 1172 3724 πολίταις)
1185 3656 1264 3723 3733
1294 3655 1375 3722 (coni.
1388 3654 1484 3716 κοινός)

848 3793 849 3798 ,
878 3747 910 3799 de
934 3747 1031 3800 Solone
1058 3746 1105 3810 73
1146 3745 1213 3818 ίχειν
1236 3743 1268 3796 τά
1290 3744 1379 3814 μέτρια
1401 3742 1484 3805 3035

877 3833 1044 3904 εὐποροῦντες
1060 3840 1113 3887 τών
1126 3834 1235 3904 μετρίων
1251 3830 1326 3897 1839
1357 3831 1383 3882 έν
1402 3829 1483 3901 μετρί·

878 3938 925 3976 οισι
943 3916 1043 3975 τίθεσθε
1067 3924 1144 3992 μέγαν
1167 3920 1224 3972 νόον
1248 3919 1310 3973 Solo
1325 3918 1389 3983 633
1427 3918 1485 3971 σάν.

880 4007 966 4081 διιγίκει
991 4012 1022 4062 τὰ
1040 4010 1096 4079 περὶ
1119 4010 1165 4078 τὴν
1185 4008 1257 4061 πόλιν
1276 4007 1384 4077 μετρίως
1405 4005 1486 4072 1834

827 4099 939 4171 μέτρον
956 4117 1069 4150 mensura
1086 4098 1155 4164 plur.
1172 4096 1256 4160 1131.
1269 4095 1301 4147 12
1335 4096 1415 4160 (coni.
1429 4109 1486 4146 στα-

880 4185 953 4256 θμοί)
965 4186 1024 4252 553
1056 4183 1207 4239 πεντακόσια
1220 4184 1299 4252 μέτρα
1317 4184 1349 4234 τά
1362 4183 1486 4250 συνάμφω

881 4274 944 4346 ξηρά
963 4275 1005 4327 καί
1024 4273 1087 4345 ὑγρά
1103 4275 1146 4338 83
1176 4279 1228 4330 τοῖς
1241 4272 1340 4341 μέτροις
1352 4267 1486 4342 διηρῖγοθαι

880 4363 923 4429 93

826 4450 1024 4520 μετρονόμος
1043 4467 1111 4520 mag.
1125 4454 1171 4503 att.
1186 4448 1255 4517 plur.
1270 4446 1349 4511 5430

826 4539 916 4611 μέχρι
935 4555 1027 4607 praep.
1040 4555 1062 4592 ο.
1076 4554 1136 4606 gen.
1150 4536 1225 4607 μέχρι
1243 4532 1362 4592 Σόλωνος
1373 4532 1431 4600 331
1453 4533 1485 4586 cf.

879 4627 943 4689 273
985 4626 1059 4698 μέχρι
1086 4629 1132 4693 τῆς
1159 4629 1202 4675 νῦν
1232 4622 1279 4689 (sc.
1298 4624 1486 4684 καταστάσεως)

878 4713 943 4773 433
981 4714 1054 4785 μέχρι
1079 4712 1159 4784 ἀρχῆς
1182 4711 1268 4768 τέλους
1292 4710 1375 4776 6330
1411 4711 1486 4780 μέχρι

879 4801 993 4854 εῦθυνιῦν
1013 4801 1073 4867 538
1104 4801 1178 4871 μέχρι
1196 4800 1272 4852 τίνων
1291 4802 1338 4864 (sc.
1352 4798 1485 4869 ἀρχόντων

880 4890 923 4941 καί
942 4889 1094 4957 έπιυνίιμων)
1108 4888 1186 4954 5934
1217 4887 1290 4959 μέχρι
1308 4893 1385 4958 τριῶν
1399 4886 1485 4939 ἑκατέ-
