3510 5610
379 320 605 376 ARISTOTELIS
626 320 688 375 RES
708 319 857 375 PUBLIOA
877 318 1136 373 ATHENIENSIUII
1156 319 1202 372 LII
1215 295 1355 372 2-'L111‘r
1510 320 1551 383 57

242 496 368 578 ἐρανικαί
392 496 440 558 καί
468 499 631 559 κοινωνικοὶ
662 497 710 558 καί
733 495 923 578 ἀνδραπόδων
947 494 993 557 καὶ
1018 495 1181 576 ὑποζυγίων
1205 496 1252 556 καί
1275 491 1477 577 τριηραρχικαὶ
1492 498 1552 567 ρέὶυ·

242 602 288 663 καὶ
311 600 516 681 τραπεζιτικοιί.
604 600 683 664 οὗτοι
704 601 756 683 μὲν
772 597 821 663 οδν
837 599 941 667 τούτοις
958 601 1119 670 δικάζουσιν
1137 600 1284 683 ἐμμήνους
1299 597 1499 681 εἰσοίγ[ον]τες,
1537 603 1552 660 3

240 703 267 764 οἱ
293 701 315 764 δ’
337 701 494 765 ἀποδέκται
521 707 581 771 τοῖς
603 706 743 771 τελώναις
766 703 813 766 καί
837 701 910 765 κατδι
932 705 990 765 τῶν
1013 705 1158 777 τελωνῶν,
1180 701 1216 766 τὰ
1240 703 1292 783 μὲν
1317 701 1405 786 μέχρι
1427 700 1498 765 δέκα

242 808 384 891 δραχμῶν
413 803 492 874 ὄντες
518 805 651 890 κόρι[οι],
679 807 715 868 τόι
737 805 758 868 δ’
780 797 842 867 ἄλλ’
861 806 901 873 εἰς
924 806 956 868 τδ
979 805 1162 889 δικαστήριον
1185 805 1349 886 εἰσάγοντες
1370 803 1498 886 ἔμμηνα.

207 930 222 976 5
326 909 405 971 LIII.
430 913 569 992 κληροδσι
592 911 624 972 δὲ
648 911 696 972 καὶ
719 908 812 993 <τοδς>
834 910 1104 992 τετταράκοντα,
1128 909 1265 992 τέτταρας
1290 907 1323 970 ἐκ
1338 913 1390 991 τῆς
1406 909 1500 990 φυλῆς
1542 914 1552 971 l

241 1013 375 1094 ἑκάστης.
410 1012 481 1095 πρὸς
504 1012 553 1080 οὓς
575 1013 625 1082 τδς
648 1012 738 1082 ἄλλας
761 1012 842 1081 δίκας
863 1014 1072 1097 λαγχάνουσιν·
1107 1014 1134 1075 οἳ
1157 1010 1324 1097 πρότερ[ον]
1350 1013 1401 1090 μὲν
1424 1010 1499 1094 ἦσαν

242 1117 394 1199 τριοίκοντα
418 1117 466 1178 καὶ
489 1116 563 1179 κατδ
587 1117 699 1200 δήμους
720 1118 866 1202 περιόντες
888 1116 1030 1197 ἐδίκαζον,
1055 1118 1129 1199 μετὰ
1152 1117 1184 1180 δὲ
1206 1116 1258 1199 τήν
1282 1115 1329 1178 ἐπὶ
1352 1119 1410 1178 τῶν
1425 1117 1500 1196 τριαί-

241 1244 327 1283 κοντα
361 1220 558 1304 δλιγαρχίαήν]
586 1224 796 1306 τετταράκοντα
823 1221 982 1304 γεγόνασιν.
1082 1222 1130 1284 καὶ
1157 1220 1193 1283 τὰ
1220 1221 1272 1301 μὲν
1293 1227 1297 1301 Ι
1319 1219 1405 1303 μέχρι
1432 1218 1502 1282 δέκα
1538 1228 1554 1281 2

241 1326 382 1408 δραχμῶν
410 1325 574 1392 αὐτοτελεῖς
601 1325 658 1388 εἰσι
681 1324 879 1409 δ[ικα]ζε[ι]ν,
906 1325 942 1388 τὰ
965 1323 987 1387 δ’
1008 1325 1080 1407 ὑπὲρ
1104 1329 1189 1388 τοῦτο
1211 1326 1243 1386 τδ
1267 1323 1379 1407 τίμημα
1401 1328 1461 1390 τοῖς
1484 1331 1552 1400 pfl?

192 1447 222 1494 ιο
240 1431 399 1511 διαιτηταῖς
422 1430 639 1513 παραδιδόασιν.
676 1431 702 1492 οί
726 1431 759 1492 δὲ
781 1427 1007 1514 παραλαβόντες,
1032 1428 1111 1513 [ἐ]ο“ιν
1133 1430 1173 1512 μή
1195 1429 1335 1491 δύνωνται
1356 1429 1500 1507 διαλῦσαι,

191 1635 242 1688 λδ
262 1653 378 1706 ερανικας
397 1677 424 1689 ..
443 1656 594 1696 κοινωνικας
613 1678 639 1690 ..
658 1656 821 1710 τριηραρχιας
841 1673 866 1688 ..
886 1637 1060 1706 τραπεζιτικος
1079 1638 1107 1698 L,
1126 1654 1191 1706 quae
1211 1639 1307 1691 retinet
1319 1638 1360 1702 BI,
1378 1639 1456 1691 είίειυ
1469 1638 1554 1689 K-w³

190 1726 244 1787 (sed
263 1727 468 1798 τριηραρχικας);
488 1729 649 1779 constructio
669 1728 771 1780 sciliret
790 1728 822 1779 ad
836 1743 951 1793 sensum,
971 1728 1046 1794 quasi
1061 1731 1120 1794 post
1132 1726 1264 1794 εἰσάγουσι.
1302 1741 1366 1778 corr.
1386 1726 1466 1793 Bury,
1485 1726 1519 1778 οί.

189 1813 204 1864 ‘2
223 1813 345 1880 δικαζονμ
365 1813 407 1880 ff,
427 1831 491 1867 corr.
512 1813 544 1867 λέ
669 1817 684 1869 5
702 1817 761 1874 τοὺς
780 1817 839 1869 add.
858 1816 928 1868 II-W
1040 1834 1069 1868 εκ
1088 1834 1133 1885 της
1152 1816 1254 1884 φυλ(ης)
1272 1831 1381 1885 εκαστης
1400 1813 1443 1880 λ’,
1463 1819 1555 1882 postea

189 1902 239 2008 ρυλ
259 1953 321 1990 casu
340 1938 520 1990 oblitteratum
541 1939 677 2006 rescripsit
694 1944 755 2006 post
774 1938 883 2007 ἐκοστης
902 1938 935 1989 L⁴
1077 1937 1092 1990 7
1113 1939 1154 1991 ἐπὶ
1172 1953 1222 1990 om.
1244 1937 1285 2000 δ’,
1305 1952 1436 2005 suprascr.
1456 1935 1490 1989 L⁴

190 2027 204 2077 9
224 2025 332 2086 δικάζειν
352 2029 429 2091 ιεοίε,
448 2033 478 2078 ut
497 2027 558 2091 vid„
579 2028 631 2079 Wn

277 2235 293 2286 3
319 2235 385 2287 PoII.
408 2237 465 2288 VIII
486 2235 518 2287 97
547 2236 682 2289 ἀποδέκται
701 2237 726 2288 δέ
746 2236 809 2307 ἦσαν
827 2237 898 2301 δέκα,
922 2237 946 2288 οἳ
963 2234 1020 2294 τοός
1042 2254 1069 2287 τε
1091 2236 1185 2306 φόρους
1203 2238 1246 2288 καὶ
1264 2237 1309 2294 τὰς
1327 2236 1443 2308 εἰσφοράς
1462 2238 1505 2289 καί
1523 2238 1555 2290 τὰ

188 2321 247 2391 τέλη
268 2321 418 2396 ὑπεδέχοντο
446 2326 506 2393 (leg.
526 2324 688 2396 ἀπεδέχοντο)
716 2328 760 2378 καί
788 2328 819 2378 τόι
843 2328 897 2394 περὶ
919 2324 1019 2377 τοίιτων
1041 2324 1267 2394 ἀμφισβητοόμενα
1290 2325 1413 2387 ἐδέκαζον,
1441 2325 1463 2378 εἰ
1487 2325 1513 2377 δέ
1532 2345 1556 2378 τι

190 2412 273 2478 μεῖζον
292 2413 339 2479 εἴη,
359 2413 458 2482 εἰσῆγον
478 2415 512 2470 εἰς
531 2412 699 2485 δικαστήριον,

277 2500 293 2552 5
322 2502 447 2569 Ηυιμοει.
467 2519 487 2553 s.
502 2521 524 2553 ν.
550 2504 617 2555 κατὰ
639 2503 735 2571 δήμους
759 2502 888 2559 δικαστόςι
918 2541 1007 2554 .....
1030 2501 1087 2572 περὶ
1105 2507 1157 2553 τῶν
1175 2502 1242 2552 κατὰ
1261 2499 1357 2568 δήμους
1374 2500 1500 2554 δικαστῶν
1520 2501 1555 2561 ῶς

190 2588 310 2656 πρότερον
329 2593 374 2656 μέν
394 2576 489 2660 ήσκνλ
508 2593 551 2644 καί
570 2593 636 2644 κατὰ
655 2591 751 2660 δήμους
768 2591 904 2662 περιιόντες
923 2589 1045 2651 ἐδίκαζον,
1069 2590 1122 2642 εἰτα
1145 2590 1259 2658 έγένοντο
1278 2592 1305 2655 γῑ,
1324 2589 1423 2658 εἴρηκεν
1440 2585 1554 2657 Ἀριστο-

191 2673 263 2744 τέλης
283 2678 309 2728 ἐν
328 2683 359 2751 τη
380 2678 499 2746 πολιτείᾳ.
537 2681 690 2747 (Epitomen
704 2697 787 2733 exscr.
800 2681 877 2733 Phot.
891 2681 984 2743 Suid.).
1004 2709 1037 2716 -
1058 2679 1121 2730 Lex.
1141 2678 1222 2732 Bekk.
1242 2680 1363 2747 quintum
1377 2678 1434 2744 (BA
1449 2679 1555 2743 306,15)

192 2766 377 2831 τεσσαράκοντα
395 2767 460 2824 τίνες
478 2767 549 2819 εἰσινι
569 2768 635 2839 ἀρχή
654 2767 690 2825 τίς
709 2771 760 2821 ἐστι
779 2767 910 2837 κληρωτή,
929 2769 1114 2836 τεσσαράκοντα
1127 2767 1171 2819 τόν
1190 2764 1305 2836 ἀριθμόν,
1324 2765 1385 2834 πρὸς
1405 2766 1448 2823 οδς
1460 2767 1486 2818 αί
1499 2766 1557 2819 ἴδιαι

192 2850 257 2903 δίκαι
285 2851 453 2923 ἐλαγχάνοντο
477 2858 519 2907 καὶ
542 2857 573 2907 τὰ
596 2858 669 2927 μέχρι
688 2861 704 2907 ῖ
723 2857 852 2926 δραχμῶν.
889 2857 921 2906 τὰ
943 2855 982 2919 (τό
1006 2856 1072 2918 κοιλ,
1096 2872 1161 2907 corr.
1187 2854 1278 2917 Bekk.)
1301 2849 1321 2905 δ’
1344 2854 1405 2922 ὺπέρ
1428 2859 1503 2906 τοῦτο
1527 2855 1556 2906 τὸ

192 2940 288 3008 τίμημα
307 2949 359 2999 τοῖς
378 2942 504 3001 δικασταῖς
524 2943 707 3012 παραδιδόασιν.
746 2945 861 2996 Eandem
875 2944 989 3011 glossam
1003 2942 1083 2996 habet
1097 2943 1170 2995 Phor.
1191 2944 1286 3007 (exscr.
1303 2941 1341 2993 Et.
1356 2944 1474 3010 genum„
1487 2944 1557 2995 unde

193 3030 296 3097 Symeo)
317 3033 514 3099 τετταράκοντα;
534 3031 657 3101 κληρωτή
676 3051 712 3090 τις
730 3033 760 3103 ήν
781 3031 911 3102 Ἀθήνησιν
931 3031 1007 3104 ἀρχή,
1025 3033 1042 3038 “
1061 3032 1110 3098 (sie
1130 3030 1169 3082 Et.
1183 3046 1255 3095 gen.;
1276 3031 1338 3096 μετὰ
1357 3030 1444 3082 Ρίιοιίί
1463 3031 1556 3094 codex)

192 3117 233 3169 τὸν
253 3117 370 3189 ἀριθμόν,
390 3120 414 3172 σί
431 3120 475 3176 τὰς
496 3120 623 3178 ἰδιωτικός
643 3120 715 3177 δίκας
733 3121 856 3185 ἐδίκαζον,
881 3118 944 3172 ἀλλὰ
967 3120 1013 3176 τὰς
1035 3119 1080 3187 μὲν
1104 3119 1162 3190 ἄχρι
1188 3117 1249 3169 δέκα
1273 3116 1397 3189 δραχμῶν
1416 3116 1557 3176 αὐτοτελεῖς
1663 3147 1665 3150 -

193 3204 253 3275 ἰγσαν
272 3206 389 3269 δικάζειν,
408 3207 453 3264 τὰς
472 3207 498 3259 δέ
517 3207 579 3278 δπέρ
598 3206 691 3265 ταότας
709 3215 759 3265 τοῖς
772 3208 908 3276 διαιτηταῖς
921 3206 1074 3276 παρεδίδουν.
1106 3206 1169 3258 Lex.
1184 3205 1263 3257 Bekk.
1278 3206 1361 3273 quint.
1381 3206 1437 3270 (BA
1450 3205 1557 3270 310,21)

259 3294 283 3346 οἰ
302 3297 498 3363 τεσσαράκοντα,
522 3296 564 3353 οδς
583 3297 755 3369 ἐχειροτόνουν
775 3296 881 3364 μάλιστα
905 3295 1037 3365 φυλάττειν
1061 3295 1105 3348 τόν
1124 3295 1214 3363 δῆμον,
1238 3293 1307 3346 οὗτοι
1330 3293 1379 3351 ἕως
1402 3295 1465 3365 ήσαν
1488 3297 1556 3365 τριό-

193 3401 279 3441 κοντα,
299 3383 348 3440 έως
367 3382 429 3435 δέκα
449 3382 570 3457 δραχμῶν
591 3385 704 3445 ἐδίκαζον
723 3385 789 3437 κατδ
809 3385 912 3453 δήμους.
950 3385 1014 3437 Poll.
1033 3381 1056 3436 H
1073 3384 1123 3436 100
1145 3384 1168 3434 οἰ
1186 3383 1212 3435 δέ
1229 3385 1417 3450 τεσσαράκοντα
1436 3383 1557 3452 πρότερον

193 3472 236 3537 μὲν
255 3472 319 3541 ήσαν
338 3473 481 3542 τριάκοντα,
501 3474 525 3525 οἰ
543 3473 678 3542 περιιόντες
697 3475 761 3526 κατὰ
780 3474 876 3543 δήμους
894 3476 925 3525 τὰ
945 3476 1019 3545 μέχρι
1038 3472 1159 3544 δραχμῶν
1179 3471 1240 3524 δέκα
1259 3470 1382 3537 ἐδίκαζον,
1404 3473 1435 3523 τὰ
1454 3468 1474 3523 δ’
1495 3471 1557 3540 δπέρ

193 3564 270 3611 ταῦτα
289 3559 426 3629 διαιτηταῖς
445 3560 615 3631 παρεδίδοσαν,
634 3563 698 3629 μετὰ
721 3561 747 3613 δὲ
766 3562 813 3630 τήν
832 3567 884 3612 τῶν
903 3563 1038 3629 τριάκοντα
1057 3559 1202 3630 ὀλιγαρχίαν
1226 3561 1290 3628 μίσει
1313 3564 1358 3611 τοῦ
1381 3559 1489 3629 ἀριθμοῦ
1512 3565 1556 3612 τοῦ

193 3649 325 3717 τριάκοντα
344 3650 530 3717 τεσσαράκοντα
549 3650 669 3716 ἐγένοντο.

283 3736 315 3788 10
334 3736 457 3803 Harpocr.
477 3753 496 3790 s.
511 3753 535 3788 ν.
555 3737 694 3807 διαιτητήςι
719 3776 808 3789 .....
834 3737 879 3789 είσλ
903 3735 929 3788 δέ
953 3737 977 3789 οἰ
1000 3735 1124 3807 διαιτηταί
1147 3736 1226 3807 ἕτεροι
1244 3741 1296 3788 τῶν
1316 3736 1450 3789 δικαστῶν.
1487 3735 1558 3789 οὗτοι

192 3829 236 3891 μέν
256 3825 303 3894 γὰρ
321 3824 348 3876 ἐν
367 3823 534 3895 δικαστηρίοις
552 3824 666 3885 ἐδίκαζον
685 3823 899 3892 ἀποδεδειγμένοις
912 3825 955 3876 καὶ
973 3824 1017 3881 τὰς
1031 3823 1080 3875 ἀπὸ
1093 3830 1144 3875 τῶν
1163 3823 1297 3893 διαιτητῶν
1315 3824 1448 3893 ἐρεσίμους
1464 3822 1558 3887 <δίκας>

192 3912 297 3984 ἰκρινον.
329 3913 353 3964 οί
371 3913 397 3964 δέ
410 3913 532 3982 διαιτηταί
545 3913 633 3982 κλήριρ
647 3913 769 3983 πρότερον
788 3911 909 3984 λαχόντες
927 3912 943 3980 ἠ
958 3911 1146 3980 ἐπιτρεψάντων
1159 3911 1244 3969 αὐτοῖς
1261 3918 1313 3963 τῶν
1327 3913 1483 3981 κρινομένων
1506 3919 1558 3969 τοῖς

192 4002 347 4071 κρινομένοις
360 3995 470 4075 διήτουν.
496 4003 539 4052 καί
558 4002 579 4052 εἰ
599 4002 643 4069 μὲν
662 4001 752 4070 ήρεσκε
771 4008 821 4057 τοῖς
840 3999 981 4064 ἀντιδίκοις,
1000 3997 1071 4057 τέλος
1090 3999 1154 4071 εῖχεν
1168 4001 1184 4069 ἡ
1198 3999 1267 4069 δίκη·
1287 4000 1308 4052 εἰ
1321 3999 1346 4052 δέ
1360 4000 1404 4069 μή,
1424 4000 1455 4051 τὰ
1467 3999 1557 4070 ἐγκλή-

192 4107 259 4154 ματα
278 4093 320 4141 καί
339 4091 383 4146 τὰς
401 4089 552 4159 προκλήσεις
571 4088 613 4141 καί
632 4089 676 4145 τοῖς
695 4090 838 4156 μαρτυρίας,
861 4087 897 4139 ἔτι
921 4087 946 4139 δέ
970 4088 1013 4140 καί
1035 4089 1095 4144 τοὺς
1117 4088 1208 4154 νόμους
1231 4088 1275 4140 καί
1298 4089 1341 4145 τὰς
1365 4087 1443 4145 ἄλλας
1465 4089 1557 4144 πίστεις

192 4178 320 4248 ἑκατέρων
340 4177 492 4247 ἐμβαλόντες
512 4179 546 4235 είς
565 4177 701 4234 καδίσκους
720 4179 763 4228 καί
783 4178 953 4245 σημηνάμενοι
973 4175 1136 4246 παρεδίδοσαν
1155 4184 1206 4234 τοῖς
1225 4176 1388 4246 εἰσαγωγεῶσι
1405 4182 1456 4228 τῶν
1470 4175 1556 4228 δικῶν.

191 4264 256 4336 λέγει
283 4265 309 4318 δέ
338 4267 394 4336 περί
421 4265 505 4318 αὐτῶν
530 4263 711 4336 Ἀριστοτέλης
745 4266 770 4317 έν
795 4262 944 4334 ’.λδηναίων
976 4264 1096 4328 πολιτείᾳ.
1146 4265 1298 4333 (Epitomen
1330 4281 1411 4317 exscr.
1443 4264 1558 4328 Suidas).

191 4354 316 4422 Harpocr.
337 4370 358 4406 s.
373 4369 395 4404 ν.
415 4352 565 4422 εἰσαγγελίαι
657 4353 720 4420 ἄλλη
745 4352 770 4404 δέ
794 4352 932 4422 εἰσαγγελία
951 4353 1002 4405 ἐστὶ
1022 4354 1088 4404 κατὰ
1105 4359 1157 4405 τῶν
1177 4352 1324 4421 διαιτητῶν·
1348 4355 1369 4406 εἰ
1387 4355 1433 4423 γοίρ
1451 4372 1488 4410 τις
1507 4352 1556 4405 δπδ

191 4446 236 4494 τοῦ
255 4441 384 4509 διαιτητοῦ
403 4441 535 4511 ἀδικηθείη
557 4440 679 4510 (ἀδικηίλή
691 4441 793 4493 codices
807 4441 927 4493 meli0res
940 4448 966 4492 εί
980 4441 1111 4507 Ephorum
1131 4457 1196 4493 corr.
1212 4444 1371 4506 deteriores),
1390 4440 1448 4510 ἐξῆν
1466 4445 1556 4493 τοῦτον

191 4528 355 4600 εἰσαγγέλλειν
375 4529 436 4600 πρός
455 4530 572 4587 δικαστὰς
591 4529 634 4581 καί
654 4529 729 4585 ἁλοὺς
747 4529 868 4598 ήτιμοῦτο
969 4529 1121 4595 (Ερίίοιηειι
1140 4545 1224 4582 exscr.
1245 4531 1361 4594 Suid.1¹1,
1384 4531 1430 4594 [ex
1448 4530 1555 4594 Photio]

190 4619 223 4671 Et
246 4635 308 4687 gen.
332 4616 416 4686 [unde
434 4619 550 4686 Symeo]‚
575 4620 623 4670 Iex,
644 4619 723 4670 δοιοί).
745 4618 838 4681 λόξὶῖ).
877 4617 938 4669 Lex.
963 4616 1044 4669 Βαλίε.
1069 4619 1187 4684 quintum
1212 4617 1268 4682 (BA
1295 4617 1406 4683 235,·20)
1434 4618 1556 4687 διαιτηταὶ

189 4708 253 4766 τίνες
272 4707 345 4759 εἰσίν;
365 4708 454 4774 κριταί.
487 4707 549 4777 ήσαν
568 4709 614 4775 γὰρ
634 4707 757 4774 διαιτηταί
775 4723 838 4762 τινες
855 4711 907 4757 τῶν
927 4704 1063 4758 ἰδιωτικῶν
1082 4706 1172 4776 κριταί.
1204 4708 1225 4759 εἰ
1244 4706 1269 4758 δέ
1288 4725 1352 4764 τινες
1371 4707 1406 4775 μή
1427 4703 1555 4758 ἐπείθοντο

190 4800 242 4853 τοῖς
261 4793 421 4864 διαιτηδεῖσιν
441 4795 534 4859 αδτοῐς,
558 4797 656 4864 εἰσῆγον
675 4795 767 4851 αὐτοὺς
785 4796 819 4851 εἰς
838 4795 1004 4866 δικαστήριον.
1042 4795 1152 4864 ἐγίνοντο
1177 4794 1202 4846 δέ
1222 4796 1345 4868 διαιτηταί
1367 4797 1458 4852 πάντες
1471 4791 1555 4863 Ἀδη-

189 4892 255 4937 νοῑοι
273 4883 309 4942 οῖς
328 4883 465 4954 ἑξηκοστόν
485 4885 539 4942 ἔτος
558 4884 596 4955 ἦν,
634 4883 676 4935 τὸν
696 4883 721 4935 δὲ
742 4884 877 4936 ἀδικοῦντα
900 4884 1029 4953 διαιτητήν
1049 4882 1107 4953 ἐξῆν
1126 4883 1297 4954 εἰσαγγέλλειν,
1323 4885 1365 4936 καί
1383 4883 1407 4936 εἰ
1423 4902 1459 4941 τις
1478 4881 1555 4950 έαίλω,

189 4973 276 5042 ἀτιμία
295 4971 327 5043 ήν
345 4972 374 5024 τό
394 4973 525 5041 ἐπιτίμιον.
555 4973 628 5036 (Inde
649 4973 688 5024 Er.
708 4973 740 5024 II.
754 4971 851 5039 21÷7‚3).
889 4972 984 5026 Eadem
1005 4975 1093 5041 glossa
1111 4978 1198 5026 exstat
1216 4972 1245 5023 in
1258 4971 1345 5024 Schol.
1359 4971 1461 5024 Platon.
1475 4971 1554 5040 Legg.
