3510 5610
307 356 351 390 xvr
890 335 1085 390 PRAEFATIO

308 516 343 574 ut
371 528 484 592 parum
512 517 602 574 certa
624 508 763 591 omittas,
790 527 830 573 ex
855 507 1017 573 Plutarchi
1041 514 1149 573 tamon
1172 508 1243 571 loco
1273 506 1325 590 (fr.
1349 507 1411 590 ΙΙΙ)
1439 507 1519 572 satis
1545 514 1672 573 constat

307 648 373 693 non
395 628 498 692 solum
523 626 680 711 principia
706 626 904 709 morborum,
924 626 1049 709 ,quibus
1075 633 1245 692 contentus
1272 624 1331 688 suit
1358 623 1410 689 bio
1436 625 1583 711 scriptor,
1613 627 1672 693 sed

309 747 404 812 etiam
427 747 570 830 ipsorum
593 743 775 809 morborum
798 744 1004 828 vametatcm,
1031 743 1232 828 doxographi
1256 744 1404 808 nimirum
1433 745 1574 830 rationo,
1603 766 1672 830 per-

307 873 451 932 secutum
467 885 540 931 esse
555 865 734 929 Menouem.
780 862 879 944 qnid?
900 863 927 927 si
950 863 1054 929 eidem
1077 865 1114 929 fr.
1130 864 1283 947 (conlatis
1298 863 1488 947 praesertim
1510 863 1549 929 ir.
1562 863 1616 928 IV.
1630 864 1673 946 V)

307 984 399 1067 fidas,
422 983 549 1048 videtur
567 983 685 1047 Menon
710 983 899 1065 placitorum
922 983 1118 1047 enarrationi
1141 983 1344 1049 definitiones
1366 983 1564 1065 singulorum
1588 1003 1670 1047 mor·

308 1102 419 1168 borum
448 1101 668 1185 praemisisse,
702 1101 787 1184 quod
814 1121 920 1184 neque
946 1101 1083 1168 dedocet
1106 1103 1355 1186 Peripateticum
1382 1100 1610 1186 philosophum
1638 1105 1672 1165 et

310 1221 455 1287 similiter
470 1220 632 1287 invonitur
646 1220 678 1285 in
692 1220 929 1304 Doxographis.
962 1221 1036 1286 vide
1048 1222 1131 1288 Astii
1150 1221 1274 1287 Placita
1287 1223 1303 1286 I
1318 1225 1345 1287 1.
1362 1222 1392 1287 2.
1408 1221 1521 1305 9sqq.,
1537 1239 1671 1302 quorum

306 1340 510 1408 definitiones
533 1341 593 1407 etsi
617 1342 757 1405 colorem
780 1339 902 1405 habent
924 1342 1149 1416 recentiorem,
1181 1361 1303 1407 morem
1331 1347 1438 1405 tamen
1465 1339 1603 1405 traxisse
1626 1337 1674 1403 vi-

308 1460 425 1525 dentur
447 1481 466 1526 e
488 1460 601 1525 schola
623 1459 882 1544 Theophrastea,
916 1461 1185 1542 quemadmodum
1209 1459 1438 1525 Charactcrum
1465 1457 1673 1525 definitiones

308 1579 456 1645 noviciae
477 1600 542 1644 non
566 1580 636 1644 sine
651 1578 800 1662 exemplo
823 1578 955 1661 antiquo
978 1579 1117 1663 scriptae
1140 1579 1216 1644 mihi
1233 1600 1305 1646 esse
1327 1580 1487 1645 videntur.

395 1699 445 1763 De
466 1698 558 1763 titulo
582 1698 652 1763 libri
682 1716 765 1779 (luae
793 1698 925 1781 exposui
954 1698 1089 1762 Hamae
1117 1701 1137 1764 l.
1153 1719 1179 1765 c.
1203 1721 1233 1783 p.
1250 1697 1329 1765 407²
1354 1697 1407 1763 hic
1433 1703 1580 1780 repetere
1608 1716 1672 1759 non

309 1815 422 1881 inutile
444 1816 550 1881 credo.
596 1816 715 1881 llaertii
740 1817 837 1882 iudex
851 1817 877 1880 V
893 1818 935 1881 25
957 1817 987 1880 in
1012 1818 1195 1883 Aristotelis
1218 1818 1368 1901 operibus
1384 1821 1531 1882 recenset
1549 1813 1674 1898 Ἰατρικὰ

309 1921 339 2019 ᾗ,
362 1935 543 2019 Hesychius
557 1957 587 2018 q.
604 1935 633 2000 d.
653 1937 722 2020 Περὶ
741 1938 870 2020 ἰατρικῆς
892 1939 909 2021 β
926 1945 958 2002 ot
973 1936 1004 2000 iu
1026 1938 1095 2003 oirts
1111 1939 1267 2022 opimotro
1282 1939 1351 2022 Περὶ
1375 1939 1504 2022 ἰατρικῆς
1526 1922 1551 2014 ξ,
1568 1934 1674 1999 Arabs

309 2054 376 2138 (qui
400 2054 467 2118 vita
485 2055 662 2119 Ptolemaei
679 2054 804 2120 Chenai
830 2076 905 2120 usus
920 2056 1062 2141 videtur)
1085 2079 1115 2123 n.
1131 2058 1173 2122 92
1190 2056 1260 2142 Περὶ
1284 2059 1413 2142 ἰατρικῆς
1427 2057 1497 2122 sine
1519 2053 1673 2119 librorum

309 2193 453 2239 numero.
476 2174 590 2238 medici
607 2175 697 2238 latini
714 2173 1675 2258 citantAristotelem(l1·.lV-Vll)utDemctriusMagnesius

309 2292 362 2374 (ir.
373 2294 420 2376 ΙΙ)
432 2302 465 2358 et
480 2312 662 2378 anonymus
674 2294 894 2360 Loudiuensis.
919 2303 1031 2360 contra
1044 2295 1236 2360 Plutarchus
1246 2293 1299 2377 (fr.
1311 2296 1374 2378 ΙΙΙ)
1385 2294 1548 2369 Μενώνεια,
1565 2301 1597 2357 ct
1612 2292 1675 2357 Ga·

311 2413 405 2477 lenus
427 2411 478 2496 (fr.
496 2412 526 2495 Ι)
549 2413 647 2477 tradit
662 2413 746 2479 hanc
767 2414 907 2499 Ἰατρικὴν
924 2416 1094 2498 συναγωγὴν
1109 2413 1238 2478 inscribi
1255 2413 1384 2495 quidem
1399 2411 1592 2495 Aristotelis,
1616 2411 1675 2476 sed

312 2551 383 2596 esse
407 2531 566 2612 Menonis,
589 2534 771 2599 Aristotelis
793 2534 954 2619 discipuli,
977 2553 1077 2616 quare
1099 2552 1120 2596 a
1142 2531 1304 2596 nonnullis
1327 2529 1482 2595 Μενώνεια
1504 2529 1673 2613 appellari.

310 2658 415 2715 utrum
439 2650 554 2716 Galesi
574 2649 696 2736 Ἰατρικὴ
721 2655 874 2737 συναγωγὴ
898 2674 939 2719 an
964 2654 1182 2734 catalogorum
1203 2648 1328 2734 Ἰατρικὰ
1354 2650 1424 2715 sive
1448 2648 1518 2733 [ispi
1542 2650 1673 2733 ἰατρικῆς

312 2789 421 2835 verum
446 2770 501 2852 sit,
530 2769 706 2836 diiudicare
731 2793 794 2836 non
817 2771 935 2855 ausim,
962 2793 1033 2835 cum
1058 2769 1197 2853 Physica
1220 2770 1351 2849 Φυσικά,
1375 2763 1585 2853 Περὶρύσεως
1606 2766 1675 2849 (vel

312 2888 382 2973 Περὶ
409 2891 579 2975 κινήσεως),
614 2892 730 2975 Φυσικὴ
758 2891 898 2975 ἀκρόασις
924 2890 1148 2972 Peripateticis
1175 2889 1309 2954 audiant
1331 2889 1509 2969 eademque
1533 2886 1676 2950 varietas

312 3006 344 3069 in
367 3009 483 3072 ceteris
505 3009 632 3093 scriptis
655 3017 688 3075 et
710 3009 797 3091 apud
821 3010 925 3091 ipsum
949 3009 1154 3074 Aristotelem
1176 3015 1344 3091 appareat.
1378 3006 1437 3071 sed
1453 3004 1607 3068 Μενώνεια
1630 3004 1676 3068 sio

312 3127 479 3209 appellata
501 3149 572 3194 esse
594 3128 733 3193 arbitror
756 3135 791 3191 ut
814 3126 965 3211 Εὐόήρεια
989 3135 1021 3191 et
1046 3128 1232 3211 Νικομάχεια
1257 3127 1346 3208 (uam
1371 3143 1410 3188 ea
1433 3142 1559 3206 quoque
1581 3122 1676 3186 Nico-

313 3245 416 3309 machi
444 3248 585 3311 auctoris
612 3246 855 3329 credebantur),
893 3247 1008 3328 quibus
1035 3249 1061 3311 si
1085 3246 1266 3310 Aristotelis
1288 3241 1463 3307 auctoritas
1485 3240 1677 3322 addebatur,

313 3365 491 3430 doctrinam
516 3366 632 3446 ubique
653 3386 813 3449 apparere
830 3367 1056 3431 Aristoteleam
1080 3363 1328 3447 significabatur.
1364 3361 1485 3427 scilicet
1501 3360 1677 3442 Stagiritae

312 3507 463 3567 αιαριιαιιι
495 3506 605 3549 comen
638 3485 812 3566 ohrordrot,
846 3486 904 3550 etsi
939 3507 1013 3549 num
1048 3483 1124 3567 quid
1158 3491 1286 3567 praeter
1316 3483 1420 3565 ipsum
1448 3481 1615 3546 consilium
1644 3487 1678 3546 et

313 3602 469 3668 rationem
503 3603 674 3684 colligendi
698 3606 887 3669 Aristoteles
921 3603 1133 3688 impertiverit
1160 3602 1303 3684 Meneni,
1337 3600 1467 3666 dubium
1495 3599 1572 3664 mihi
1602 3620 1675 3665 esse

314 3722 450 3788 videtur.

401 3843 466 3906 Sed
496 3841 794 3923 quomodocumque
816 3862 857 3908 ca
886 3842 928 3907 de
957 3863 992 3907 re
1014 3842 1220 3908 iudicandum
1248 3841 1322 3925 erit,
1350 3840 1551 3923 gratulamur
1573 3839 1676 3923 nobis,

313 3962 366 4044 qui
386 3959 566 4044 gravissimi
583 3966 670 4023 certe
687 3961 793 4042 operis
816 3961 879 4025 iam
903 3981 968 4026 uon
991 3961 1136 4026 umbram
1160 3962 1274 4044 solum,
1297 3960 1355 4026 sed
1371 3958 1478 4024 solida
1493 3957 1677 4039 fragmenta

314 4088 491 4147 teneamus.
535 4098 619 4161 quae
649 4077 707 4141 etsi
738 4081 981 4164 compilatorum
1013 4083 1110 4165 culpa
1137 4081 1272 4166 pristino
1303 4080 1412 4143 colore
1442 4077 1570 4160 privata
1600 4084 1675 4139 sunt

315 4221 374 4265 noc
407 4197 532 4281 magnis
564 4197 665 4280 ipsius
692 4198 839 4263 hleuonis
867 4201 1028 4266 erroribus
1056 4202 1196 4284 carent¹,
1231 4207 1338 4266 tamen
1366 4216 1513 4280 campum
1540 4195 1596 4259 diu
1624 4213 1677 4259 ne-

315 4320 469 4401 glectum,
496 4315 662 4380 historiam
691 4316 763 4380 dico
792 4319 986 4384 medicorum
1014 4340 1216 4402 graecorum,
1243 4339 1329 4383 novo
1356 4324 1389 4383 et
1415 4318 1580 4400 insperato
1608 4334 1677 4379 eru-

315 4438 445 4503 ditionis
468 4434 597 4523 flumiue
621 4432 842 4503 laetificarunt.

427 4746 579 4813 ¹inprimis
612 4745 643 4796 de
674 4745 844 4812 Hippocratis
874 4746 979 4811 scriptis
1010 4749 1112 4815 egregie
1142 4747 1253 4812 fallitur,
1284 4752 1312 4799 ut
1341 4748 1451 4813 exposui
1483 4745 1590 4794 Hermae
1617 4745 1633 4795 l.
1654 4760 1674 4795 c.

316 4849 341 4899 p.
356 4832 504 4884 rot-434.
