3510 5610
776 310 973 366 PRAEFATIO
1522 335 1560 373 vu

282 482 395 548 inveni
417 482 506 548 illam
531 502 688 567 papyrum
712 482 802 547 vitris
831 482 1003 566 diligenter
1029 484 1185 551 inclusam
1217 494 1250 552 et
1276 487 1308 551 in
1337 487 1484 553 undecim
1511 494 1557 553 ta-

198 601 290 667 bulas
312 602 480 667 commode
503 601 650 685 divisam,
673 622 808 685 quarum
831 611 1036 685 conspectum
1059 603 1242 687 subiungo.¹

281 737 341 816 Qui
365 739 509 820 singulas
530 757 616 803 nuuc
638 737 671 802 in
694 758 809 805 manus
832 747 936 805 sumet
959 738 1101 821 tabulas,
1136 737 1270 803 forsitan
1298 739 1423 807 dubitet
1444 742 1486 808 de
1508 764 1556 807 or·
1574 747 1689 849 ,Jfflfjw

196 857 280 922 dinis
302 857 448 938 veritate,
469 877 564 940 quem
587 857 635 922 Tu
659 857 825 922 restituisti
848 878 972 941 egoque
996 879 1055 922 usu
1078 858 1248 941 probatum
1270 858 1388 924 inveni.
1426 868 1460 924 at
1482 862 1555 927 'Ilm

197 982 324 1060 praeter
350 976 495 1060 posticae
523 976 701 1060 scripturae
727 975 860 1059 indicia,
893 977 935 1042 de
962 996 1027 1059 qua
1049 983 1164 1060 postea
1184 976 1307 1060 loquar,
1337 978 1496 1061 ampliora
1517 1000 1556 1045 ac

197 1095 299 1178 magis
326 1094 524 1160 continentia
546 1093 706 1176 fragmina
727 1095 900 1159 voluminis
922 1095 997 1159 olim
1021 1101 1150 1179 praesto
1170 1093 1308 1179 fuerunt,
1336 1116 1420 1178 quae
1443 1105 1557 1180 postea

138 1242 141 1247 ·
196 1215 321 1280 demum
337 1213 446 1279 forfice
461 1220 535 1278 sunt
550 1213 686 1278 discissa
707 1214 739 1278 in
756 1213 980 1279 commodioris
996 1233 1072 1278 usus
1088 1221 1206 1296 partes,
1230 1213 1345 1296 quibus
1360 1216 1392 1279 in
1408 1215 1555 1283 diversas

195 1333 321 1398 tabulas
347 1333 512 1397 translatis
534 1352 618 1415 qnae
640 1331 716 1396 olim
739 1332 956 1399 cohaerebant
978 1332 1137 1414 dirempta
1159 1333 1258 1397 suur.²
1301 1333 1399 1399 etiam
1426 1344 1555 1403 ceterae

195 1452 332 1536 paginae
353 1459 409 1517 aut
431 1471 516 1516 nunc
538 1449 727 1515 coniunctae
754 1460 923 1516 servantur
956 1459 1025 1533 aut,
1060 1449 1086 1514 si
1114 1470 1235 1534 paucas
1262 1453 1422 1537 excipias,
1455 1454 1555 1519 mani·

192 1569 277 1636 festa
299 1571 412 1655 prioris
435 1589 576 1635 conexus
599 1569 739 1635 retinent
760 1571 908 1653 vestigia.
952 1571 1010 1636 sed
1034 1567 1220 1651 singillatim
1245 1570 1326 1637 haec
1349 1573 1497 1657 persequi
1526 1574 1554 1638 is

194 1679 413 1755 tantummodo
437 1687 567 1772 poterit,
601 1689 651 1754 cui
679 1688 769 1754 vitris
796 1689 932 1755 sublatis
957 1688 1203 1770 ipsaschartas
1225 1693 1412 1758 examinare
1435 1693 1552 1759 licebit.

193 1816 269 1892 opto
297 1829 383 1891 vero,
414 1816 447 1872 nt
473 1809 521 1872 'Iu
545 1808 597 1891 qui
622 1807 715 1871 huius
742 1808 858 1892 papyri
881 1806 950 1873 fata
974 1808 1016 1873 ab
1042 1808 1132 1873 initio
1160 1810 1350 1894 cognovisti,
1377 1812 1552 1894 aliquando

194 1929 265 1994 huic
294 1927 456 1995 desiderio
479 1927 558 1992 satis
579 1925 689 1992 iacias.

278 2065 455 2130 Voluminis
477 2070 631 2149 quantum
655 2083 740 2127 nunc
755 2069 856 2128 restat
871 2063 1048 2147 longitudo,
1071 2064 1097 2127 si
1112 2071 1221 2147 partos
1237 2070 1404 2127 contextas
1418 2062 1550 2145 cogites,
1579 2065 1703 2166 „„‘,'gff‘,'um

191 2193 240 2251 est
262 2185 357 2250 trium
379 2185 446 2251 sere
468 2193 641 2250 metrorum
665 2204 704 2248 uc
726 2183 858 2265 dimidii,
883 2183 1018 2248 latitudo
1042 2181 1206 2268 (altitudo)
1226 2182 1339 2247 XXIII
1359 2180 1426 2248 iere
1449 2192 1553 2248 cente·

190 2305 352 2369 sImarum.
396 2304 600 2387 plagularum
623 2302 834 2384 singularum,
869 2321 910 2366 ex
937 2301 1052 2384 quibus
1075 2302 1189 2386 papyri
1214 2323 1329 2384 corpus
1354 2301 1553 2383 conglutina-

189 2431 256 2487 tum
272 2430 330 2503 est,
354 2421 580 2487 commissuras
595 2421 660 2487 vidi
677 2421 767 2503 XIX,
790 2438 874 2501 (puae
895 2419 999 2501 quinis
1021 2418 1197 2486 teredenis
1213 2420 1395 2485 centesimis
1418 2421 1501 2485 inter
1517 2441 1552 2486 se

189 2543 319 2608 distant.
346 2542 404 2607 sed
420 2541 486 2607 veri
503 2541 606 2606 simile
622 2547 671 2605 est
687 2539 782 2623 pratulo
799 2540 907 2619 plures
922 2538 1030 2622 fuisse,
1047 2545 1081 2602 nt
1098 2541 1194 2621 pardo
1212 2540 1395 2622 plusquam
1412 2562 1550 2624 scopum,

189 2683 283 2745 quem
305 2662 428 2727 Plinius
451 2661 503 2746 (N.
522 2661 561 2725 H.
579 2658 657 2723 XIII
675 2658 729 2743 lt)
752 2658 874 2723 ulcenis
897 2657 1035 2741 plagulis
1058 2663 1207 2723 constare
1229 2657 1315 2740 dicit,
1338 2657 1551 2741 complevisse

190 2782 338 2847 librarius
362 2781 518 2845 videatur.
568 2787 708 2844 ceterum
738 2778 928 2862 scripturam
956 2777 1172 2842 commissuris
1200 2776 1402 2860 plagularum
1431 2796 1550 2858 nequa-

189 2920 285 2983 quam
306 2899 493 2983 impeditam
516 2918 588 2964 esse
604 2897 734 2963 omnino
751 2897 847 2962 hodie
870 2904 996 2962 constat
1012 2905 1044 2963 et
1060 2896 1120 2961 hoc
1136 2896 1284 2978 exemplo
1301 2893 1516 2959 confirmatur.

262 3216 270 3247 ¹
289 3218 379 3268 tabula
431 3217 439 3266 l
461 3218 578 3268 continet
598 3218 707 3284 paginas
727 3217 885 3281 (columnas)
905 3217 914 3266 l
937 3217 956 3267 ll
979 3216 1012 3267 III

329 3333 337 3340 -
417 3305 438 3356 ll
513 3333 521 3341 ·
649 3335 657 3342 -
804 3333 813 3340 -
906 3303 938 3354 IV
960 3305 980 3354 V
1003 3303 1034 3353 Vl
1060 3302 1104 3353 Vll

330 3420 338 3428 ·
403 3390 437 3443 ill
511 3420 520 3428 ·
647 3423 655 3430 -
800 3420 808 3428 ·
901 3390 961 3442 VIII
983 3391 1021 3441 IX
1042 3391 1067 3442 X
1086 3391 1124 3441 XI

327 3507 337 3515 -
404 3479 438 3530 IV
512 3508 521 3517 -
647 3507 657 3515 -
800 3508 809 3515 -
901 3478 950 3529 XII
971 3476 1036 3528 XIII
1059 3477 1122 3527 XIV
1143 3478 1192 3528 XV

327 3593 337 3601 ·
419 3566 440 3615 V
513 3595 521 3602 -
648 3595 657 3603 ·
801 3595 810 3603 -
902 3565 964 3617 XVI
984 3564 1058 3616 XVII
1081 3564 1170 3615 XVIII

327 3682 336 3689 -
406 3654 437 3705 VI
511 3681 520 3690 ·
646 3682 656 3691 -
799 3682 809 3690 -
901 3652 963 3704 XiX
986 3659 1012 3703 et
1031 3651 1083 3704 XX

327 3769 336 3777 -
389 3739 435 3790 Vll
508 3771 517 3779 -
646 3770 655 3778 -
799 3770 807 3779 ·
898 3739 964 3791 XXI
984 3739 1062 3791 XXII
1083 3738 1174 3791 XXIII
1194 3739 1284 3791 XXIV

326 3856 336 3864 ·
375 3826 433 3877 VIII
506 3856 515 3864 ·
642 3856 651 3866 ·
795 3856 805 3864 ·
896 3826 1126 3877 XXV-XXVIII

326 3942 336 3951 ·
398 3914 434 3964 IX
509 3943 518 3951 -
643 3946 651 3953 -
797 3944 806 3951 -
898 3915 992 3966 XXIX
1013 3914 1094 3966 XXX
1112 3913 1205 3965 XXXI

326 4029 335 4038 ·
409 4001 433 4052 X
507 4029 516 4038 ·
641 4031 650 4038 -
794 4030 803 4038 ·
894 4001 1000 4052 XXXII
1021 4001 1139 4052 XXXIII
1160 4000 1277 4053 XXXIV
1299 4002 1401 4052 XXXV

326 4115 335 4124 -
396 4087 432 4138 Xl
507 4116 515 4123 ·
642 4116 651 4123 -
795 4116 804 4123 ·
895 4087 1010 4139 XXXVI
1031 4087 1160 4139 XXXVII
1182 4088 1324 4139 XXXVIII
1346 4085 1467 4138 XXXIX

263 4201 316 4249 ‘ex
336 4199 456 4250 scissuris
477 4200 537 4251 irasc
558 4200 617 4250 olim
638 4201 784 4251 collaesissc
803 4212 911 4266 apparet
930 4205 1044 4251 extrema
1064 4198 1222 4250 tabularum:

336 4286 440 4337 tabulae
514 4286 521 4335 I
543 4291 568 4336 ct
623 4287 645 4337 II
665 4287 820 4338 coniunctae
841 4287 945 4337 inurunt
966 4288 1072 4354 paginis
1175 4287 1211 4336 IIl
1233 4294 1258 4337 et
1369 4289 1402 4339 IV

383 4403 392 4410 -
487 4372 523 4424 III
550 4401 559 4409 ·
610 4372 644 4424 IV
735 4402 745 4410 -
887 4403 896 4411 -
1014 4402 1024 4411 -
1174 4373 1212 4424 XI
1241 4402 1251 4410 -
1352 4376 1401 4426 Xll

383 4488 393 4496 -
503 4460 523 4510 V
549 4489 558 4498 ·
609 4461 642 4511 Vl
734 4489 743 4497 -
887 4489 896 4498 ·
1013 4490 1021 4497 -
1122 4460 1212 4512 XVIII
1240 4488 1250 4498 -
1336 4462 1401 4513 XIX

383 4577 392 4584 -
488 4547 522 4599 Vl
549 4575 558 4583 ·
596 4546 642 4597 VII
734 4577 742 4585 -
886 4576 895 4585 ·
1012 4575 1022 4583 ·
1161 4548 1211 4600 XX
1240 4576 1249 4584 ·
1335 4548 1399 4600 XXI

383 4663 390 4671 -
475 4633 522 4684 VII
548 4663 558 4671 -
582 4633 641 4685 VIII
732 4664 740 4672 ·
885 4663 893 4671 -
1010 4662 1019 4669 ·
1123 4634 1212 4685 XXIV
1237 4662 1247 4670 -
1323 4634 1401 4686 XXV

383 4749 392 4756 -
463 4719 522 4770 VIII
548 4748 558 4756 -
602 4720 640 4771 IX
730 4749 739 4757 ·
883 4749 893 4757 -
1009 4748 1018 4756 ·
1095 4721 1211 4772 XXVIII
1239 4751 1248 4759 ·
1307 4720 1400 4774 XXIX

382 4834 391 4842 ·
483 4806 556 4857 IX·
610 4805 636 4856 X
727 4835 737 4845 ·
881 4834 890 4841 -
1007 4834 1016 4843 ·
1115 4805 1209 4858 XXXI
1236 4835 1246 4843 -
1294 4806 1401 4859 XXXII

382 4919 391 4930 ·
493 4892 519 4945 X
544 4920 553 4929 ·
597 4892 635 4947 XI
726 4921 735 4931 -
878 4920 888 4929 -
1005 4920 1014 4929 ·
1103 4892 1209 4947 XXXV
1235 4923 1244 4932 ·
1280 4894 1400 4948 XXXVI
