3510 5610
188 335 228 398 38
317 332 543 388 ARISTOTELIS
564 332 626 386 RES
645 331 796 385 PUBLIGA
815 330 1073 384 ATHENIENSIUM
1094 331 1200 384 XXXV
1214 331 1424 385 2-xxxv12

243 509 365 591 στράτου
390 509 496 588 νόμους
518 506 584 575 τοὺς
608 506 673 587 περὶ
693 505 988 589 τῶνίλρεοπαγιτῶν
1013 506 1148 568 καθεῖλον
1171 505 1334 589 έίἈρείου
1358 506 1481 590 πάγο[υ]
1498 516 1559 582 μ.15

243 613 290 673 καὶ
318 615 377 673 τῶν
401 610 537 678 Σόλωνος
560 612 680 691 θεσμῶν
704 608 768 672 όσοι
790 608 1051 693 διαμφισβητησεις
1074 607 1167 692 εἶχον,
1191 610 1238 672 καὶ
1261 611 1293 672 τδ
1317 614 1404 693 κῦρος
1428 612 1443 674 δ
1468 609 1505 693 ἦν

243 714 273 776 ἐν
289 719 348 783 τοῖς
364 717 513 782 δικασταῖς
528 715 699 787 κατέλυσαν,
716 715 757 781 ῶς
772 713 1000 795 ἐπανορθοῦντες
1016 714 1064 775 καὶ
1080 717 1229 782 ποιοῦντες
1245 713 1505 798 ἀναμφισβήτητον

241 820 293 901 τὴν
310 818 468 881 πολιτείαν·
493 818 553 880 οἷον
574 824 578 900 Ι
598 819 663 899 περὶ
679 821 729 879 τοῦ
752 819 851 879 δοῦναι
873 817 909 879 τὰ
931 817 1036 879 ἑαυτοῦ
1060 814 1085 900 ᾦ
1109 816 1143 879 ἂν
1166 816 1257 900 ἐθέλη
1281 818 1377 902 κόριον
1393 820 1476 903 ποίη·
1489 845 1514 896 ρ.
1530 828 1560 879 16

208 941 222 989 5
243 943 344 989 σαντες
372 920 517 994 καθάπαξ,
541 921 592 987 τὰς
616 921 647 983 δέ
670 919 835 1005 προσούσας
862 920 1013 988 δυσκολίας
1031 917 1097 982 εἐόιν
1121 921 1162 1002 μὴ
1187 925 1297 1002 μανιῶν
1321 922 1340 1004 ἠ
1363 928 1461 1006 γηρῶν
1485 924 1505 1006 ἢ

242 1025 351 1108 γυναικὶ
379 1023 542 1106 πιθόμενος’
570 1023 701 1106 ἀφεῖλον,
729 1021 809 1091 ὅπως
833 1024 873 1106 μὴ
896 1020 917 1104 ᾖ
943 1027 1002 1091 τοῖς
1025 1025 1219 1106 συκοφάνταις
1241 1022 1359 1107 ἔφοδος·
1394 1026 1506 1106 ὁμοίως

243 1130 275 1193 δέ
297 1126 371 1192 τοῦτ’
399 1127 490 1211 ἔδρων
514 1129 560 1191 καὶ
585 1128 632 1190 ἐπὶ
655 1133 712 1190 τῶν
736 1125 843 1190 ἄλλων.
932 1123 991 1190 κατ’
1020 1126 1115 1211 ἀρχὰς
1139 1128 1190 1206 μὲν
1214 1125 1263 1189 οῦν
1287 1124 1362 1190 ταῦτ’
1388 1127 1505 1191 ἐποίουν
1544 1137 1560 1192 3

243 1236 292 1296 καὶ
318 1232 385 1300 τοὺς
413 1232 594 1314 συκοφάντας
621 1234 668 1293 καὶ
695 1230 761 1299 τοὺς
790 1236 830 1313 τῷ
860 1229 946 1314 δήμιμ
970 1230 1043 1314 πρδς
1065 1231 1152 1314 χάριν
1175 1231 1346 1311 ὁμιλοῦντας
1370 1230 1448 1314 παρὰ
1472 1234 1505 1295 τὸ

244 1335 390 1419 βέλτιστον
414 1335 462 1396 καὶ
486 1334 727 1418 κακοπράγμονας
750 1331 833 1402 ὄντας
855 1334 904 1396 καλ
926 1333 1071 1416 πονηροὺς
1095 1331 1231 1416 ἀνῄρουν,
1260 1331 1301 1415 ἐφ’
1320 1334 1363 1403 οῖς
1386 1332 1506 1419 ἔχαιρον

195 1458 225 1505 ιο
244 1463 263 1522 η
288 1437 369 1506 πόλις
390 1436 578 1520 γιγνομένοις,
602 1438 757 1520 ἡγούμενοι
780 1441 830 1498 τοῦ
854 1437 1005 1521 βελτίστου
1029 1438 1114 1520 χάριν
1131 1441 1223 1499 ποιεῖν
1240 1436 1353 1507 αὐτοὺς.
1442 1439 1508 1502 ἐπεὶ
1545 1449 1562 1504 1

244 1543 276 1605 δὲ
304 1544 356 1625 τὴν
383 1541 466 1604 πόλιν
494 1541 717 1624 ἐγκρατέστερον
742 1538 842 1625 ἔσχον,
869 1539 986 1606 οὐδενὸς
1010 1540 1166 1624 ἀπείχοντο
1189 1546 1245 1604 τῶν
1269 1544 1407 1618 πολιτῶν,
1434 1542 1500 1605 ἀλλ’

243 1644 414 1708 ἀπέκτειναν
435 1646 502 1714 τοὺς
518 1646 566 1708 καὶ
580 1649 644 1712 ταῖς
659 1643 769 1712 οὐσίαις
785 1645 832 1707 καὶ
848 1649 889 1726 τῷ
908 1643 982 1724 γένει
999 1644 1046 1705 καὶ
1062 1648 1121 1712 τοῖς
1138 1643 1297 1725 ἀξιώμασιν
1313 1644 1505 1731 προέχοντας,

242 1748 481 1831 ῦπείαιροόμενοί
510 1772 540 1810 τε
568 1751 616 1810 τόν
644 1749 736 1832 φόβον
764 1748 812 1811 καὶ
840 1745 1009 1831 βουλόμενοι
1037 1748 1087 1814 τὰς
1114 1747 1213 1816 οὐσίας
1241 1749 1421 1833 διαρπάζειν·
1458 1751 1506 1814 καὶ

244 1853 353 1936 χρόνου
388 1853 574 1920 διαπεσόντος
606 1851 731 1935 βραχέος
764 1849 816 1913 οὐκ
843 1850 981 1919 ἐλάττους
1009 1849 1194 1932 ἀνῃρήκεσαν
1222 1851 1241 1935 ἢ
1268 1852 1378 1936 χιλίους
1405 1876 1507 1918 πεντα·

196 1977 226 2026 15
245 1958 379 2044 κοσίους,

331 2059 473 2124 XXXVI.
498 2059 591 2127 οῦτως
618 2059 650 2121 δέ
677 2063 729 2140 τῆς
757 2057 869 2125 πόλεως
896 2056 1117 2141 θποφερομένης
1140 2057 1314 2141 Θηραμένης
1337 2060 1508 2140 ἀγανακτῶν

245 2164 293 2227 ἐπὶ
321 2169 380 2230 τοῖς
406 2162 583 2244 γιγνομένοις
610 2167 661 2245 τῆς
690 2162 741 2242 μὲν
769 2161 918 2244 ἀσελγείας
946 2160 1044 2231 αὐτοῖς
1067 2160 1191 2244 παρηνει
1215 2162 1394 2243 παύσασθαι,
1423 2188 1508 2245 μετα-

245 2270 345 2330 δοῦναι
372 2268 404 2329 δὲ
431 2271 489 2328 τῶν
517 2269 694 2350 πραγμάτων
722 2271 782 2334 τοῖς
810 2267 975 2349 βελτίστοις.
1021 2267 1048 2328 οἱ
1076 2266 1108 2328 δὲ
1136 2271 1249 2347 πρῶτον
1273 2265 1508 2344 ἐναντιωθέντες,

246 2370 309 2434 ἐπεὶ
332 2370 529 2453 διεσπάρησαν
554 2371 580 2431 οἱ
604 2367 684 2452 λόγοι
707 2370 778 2452 πρὸς
801 2369 833 2430 τὸ
854 2369 968 2451 πλῆθος
983 2369 1031 2431 καὶ
1048 2370 1120 2452 πρὸς
1136 2371 1183 2430 τὸν
1201 2368 1376 2455 Θηραμένην
1392 2371 1509 2441 οἰκείως

192 2494 226 2542 νο
245 2473 326 2557 είχυν
350 2474 377 2535 οἱ
401 2473 512 2548 πολλοί,
536 2471 717 2558 φοβηθέντες
740 2474 781 2554 μὴ
806 2472 970 2556 προστάτης
991 2471 1144 2553 γενόμενος
1166 2477 1217 2535 τοῦ
1240 2473 1335 2556 δήμου
1357 2475 1511 2558 καταλόση

245 2578 298 2661 τὴν
321 2577 486 2640 δυναστείαν
510 2575 715 2656 καταλέγουσιν
738 2580 795 2637 τῶν
820 2578 945 2638 πολιτῶν
968 2575 1144 2659 τρισχιλίους
1167 2577 1208 2644 ῶς
1225 2580 1441 2655 μεταδῶσοντες
1457 2584 1510 2663 τῆς

249 2679 404 2749 πολιτείας.
493 2677 667 2763 Θηραμένης
694 2680 727 2741 δέ
754 2682 839 2741 πάλιν
867 2680 985 2762 ἐπιτιμᾷ
1012 2679 1060 2741 καὶ
1089 2678 1210 2754 τούτοις,
1244 2686 1358 2764 πρῶτον
1387 2682 1439 2763 μὲν
1467 2685 1512 2746 ότι
1549 2691 1566 2745 2

250 2784 421 2869 βουλόμενοι
445 2785 617 2866 μεταδοῦναι
640 2787 698 2851 τοῖς
722 2781 860 2846 ἐπιεικέσι
882 2783 1052 2866 τρισχιλίοις
1077 2780 1174 2862 μόνοις
1197 2781 1393 2863 μεταδιδόασι,
1418 2787 1459 2853 ῶς
1479 2786 1510 2848 ἐν

250 2889 344 2972 τοότῳ
370 2893 413 2971 τῷ
441 2887 549 2969 πλήθει
571 2890 625 2968 τῆς
656 2887 762 2970 ἀρετῆς
789 2886 962 2970 ὡρισμένης,
995 2883 1086 2947 ἔπειθ’
1115 2884 1159 2947 ότι
1181 2884 1232 2948 δύο
1256 2887 1292 2949 τὰ
1314 2886 1511 2952 ἐναντιώτατα

194 3003 233 3060 25'
248 2996 389 3073 ποιοῦσιν,
417 2989 509 3075 βίαιόν
532 3012 564 3051 τε
587 2992 638 3075 τὴν
663 2990 759 3074 ἀρχὴν
782 2990 830 3053 καὶ
853 2993 910 3051 τῶν
934 2988 1106 3072 ἀρχομένων
1130 2990 1210 3073 ἥττω
1232 2993 1510 3064 κατασκευάζοντες.

194 3152 442 3162 μ--ψ-η--
447 3152 458 3156 -
466 3150 597 3156 --.--.

196 3256 208 3307 1
230 3251 337 3306 καθιλον
419 3269 488 3322 αριου
507 3249 551 3315 L',
575 3265 639 3302 corr.
659 3247 692 3299 Ι*
754 3259 758 3265 ·
857 3246 1069 3316 2διαμφιίβηδ(τ
1089 3247 1238 3317 mmm
1404 3270 1459 3323 ιχον
1483 3251 1530 3316 L*‚
1555 3272 1568 3305 ε

195 3358 326 3411 suprascr.
345 3341 378 3394 L⁴
520 3339 535 3392 3
555 3336 772 3407 ανιινφιζβητητον
791 3336 812 3387 Ι
954 3337 971 3388 4
990 3335 1102 3388 πολιτιαν
1121 3336 1141 3388 Ι
1266 3357 1326 3391 οιων
1346 3340 1391 3403 Ι*,
1411 3356 1474 3392 corr.
1497 3341 1530 3393 L⁴

196 3451 218 3484 ω
239 3470 266 3483 ..
285 3428 360 3498 εθιλη
380 3428 400 3481 L
552 3425 568 3480 5
587 3426 750 3482 καθάπαντας
768 3423 811 3488 Ι*,
831 3440 896 3478 corr.
916 3421 948 3475 Ι*
1095 3424 1223 3484 δυσνολιας
1241 3426 1285 3493 L*‚
1304 3444 1368 3483 corr·
1387 3426 1421 3481 L¹

195 3520 211 3572 6
232 3516 322 3588 αφιλον
342 3518 361 3568 L
514 3534 530 3585 η
549 3516 570 3568 L
722 3513 737 3564 7
757 3512 828 3583 εδρον
847 3510 891 3580 L·,
910 3529 975 3565 corr.
995 3511 1028 3565 Ι*
1174 3533 1221 3567 τατ
1240 3516 1286 3582 Ι*,
1305 3534 1370 3570 corr.
1389 3514 1421 3569 L⁴

195 3608 211 3660 8
230 3626 268 3659 τω
288 3606 363 3676 δημω
382 3604 428 3668 Ι*,
448 3623 455 3657 ι
476 3604 516 3656 bis
535 3604 595 3656 add.
616 3601 648 3656 Ι*
755 3602 902 3672 ομιλουντας
922 3601 966 3665 L*,
985 3621 997 3654 τ
1016 3618 1146 3671 suprascr.
1167 3602 1200 3655 Ι*
1343 3608 1358 3658 9
1378 3624 1488 3676 ανηρουν
1509 3606 1528 3660 L

195 3696 293 3767 ἔχαιρεν
313 3693 396 3760 K-W‚
416 3693 433 3746 S
577 3693 610 3745 10
629 3711 669 3744 επι
688 3692 708 3744 L
853 3693 882 3744 11
904 3709 974 3761 τνκρ-
995 3691 1015 3743 L
1163 3710 1220 3763 εχον
1240 3691 1285 3757 Ι*,
1305 3709 1369 3746 corr.
1389 3693 1421 3745 Ι*

197 3775 228 3837 Ι2
250 3781 408 3851 ἀπέκτειναν]
428 3782 461 3834 ef.
481 3781 562 3834 Thuc.
583 3781 703 3844 1’1111(ι;
724 3781 869 3833 ἀπέκτεινον
888 3781 929 3846 Bl,
949 3780 1008 3832 edd.
1028 3784 1089 3833 cett.
1232 3798 1316 3839 ουσιας
1334 3783 1380 3849 L‘,
1399 3799 1465 3836 corr.
1484 3783 1520 3836 Ι*

194 3893 232 3926 τω
251 3873 296 3938 Ι*,
321 3892 328 3926 ι
347 3871 407 3923 add.
427 3870 462 3922 Ι*
603 3888 751 3942 προιχοντες
773 3869 820 3936 Ι*,
843 3885 907 3923 corr.
928 3868 961 3921 Ι*
1105 3869 1136 3921 13
1160 3870 1378 3941 υποεξαιρουμενοι
1400 3871 1421 3923 L

198 3963 230 4014 14
247 3979 323 4030 ανηρ-
343 3960 363 4012 L
509 3958 539 4010 16
558 3958 647 4016 πολτος
665 3957 708 4023 L*,
727 3976 792 4011 corr.
812 3959 845 4010 Ι*
989 3959 1020 4010 11
1039 3975 1176 4028 γινομενοις
1196 3959 1215 4010 Ι
1358 3979 1463 4032 παρηνει
1481 3961 1503 4013 Ι

198 4050 229 4102 18
247 4067 345 4119 πρωτοι
364 4049 383 4099 L
530 4049 560 4100 19
581 4066 621 4102 επι
640 4048 684 4113 1,*,
704 4064 769 4100 corr.
789 4045 821 4100 1,*
953 4045 1098 4119 θηρομενην
1116 4047 1162 4112 ΙΙ,
1181 4062 1246 4099 corr.
1266 4045 1298 4098 Ι*
1441 4047 1476 4100 20
1494 4066 1568 4116 γενα-

198 4156 273 4206 μενος
292 4136 336 4200 Ι*,
359 4152 425 4189 corr.
445 4134 478 4188 Ι*
621 4137 650 4189 21
673 4136 805 4210 δισχιλιους
824 4137 853 4200 Ι,
873 4136 919 4188 sed
940 4136 972 4188 cf.
993 4137 1009 4188 1.
1024 4135 1057 4188 23
1199 4136 1233 4188 22
1256 4135 1382 4194 πολειτιας
1400 4141 1422 4189 Ι

199 4227 233 4279 23
252 4242 356 4278 επιικεσι
374 4224 421 4291 L*,
444 4242 509 4277 corr.
529 4223 562 4277 Ι*
704 4225 838 4297 τρισχιλιος
861 4224 906 4289 L*‚
931 4240 995 4277 corr.
1014 4224 1047 4275 Ι*
1190 4225 1224 4276 24
1252 4242 1336 4277 τοοτω
1360 4244 1397 4277 τω
1421 4225 1467 4290 L‘,
1493 4244 1500 4278 ι
1525 4226 1567 4280 bis

199 4315 260 4368 add.
280 4313 312 4365 Ι*
442 4313 499 4366 επιθ
517 4312 537 4365 Ι
681 4314 714 4367 25
733 4333 804 4384 ηντω
824 4314 869 4377 Ι*,
889 4329 954 4365 corr.
974 4311 1007 4365 Ι*
1136 4314 1362 4381 μετασκευαζονιις
1381 4314 1426 4380 Ι*,
1445 4330 1513 4367 corr.
1533 4316 1568 4369 Ι*

194 4461 268 4467 ----—
303 4461 334 4465 ...-
357 4458 415 4465 ...a--
433 4460 463 4464 .--
481 4460 555 4466 .--->
581 4460 597 4464 ..-

302 4544 335 4597 22
372 4543 562 4597 Χεκ.ΗεΙΙ.ΙΙ
577 4543 636 4608 3,19
661 4537 719 4594 ὁδ’
739 4542 770 4594 αὖ
788 4540 936 4612 Θηραμένης
959 4543 1001 4594 καὶ
1026 4541 1084 4611 πρὸς
1108 4545 1185 4594 ταῦτα
1205 4541 1287 4610 ἔλεγεν
1306 4540 1344 4594 ότι
1361 4542 1456 4596 ἄτοπον
1476 4543 1567 4614 δοκοίη

197 4634 282 4703 έαυτιρῖ
316 4651 343 4701 γε
376 4633 437 4685 εἶναι
469 4633 497 4684 τὸ
530 4639 630 4703 πρῶτον
662 4632 707 4699 μὲν
736 4631 903 4701 βουλομένους
935 4632 995 4688 τοῦς
1028 4630 1169 4699 βελτίστους
1202 4636 1254 4682 τῶν
1282 4631 1393 4684 πολιτῶν
1426 4634 1568 4694 κοινωνοὺς

194 4720 347 4789 ποιήσασθαι
373 4720 532 4792 τρισχιλίους,
560 4720 645 4791 ὥσπερ
672 4720 714 4772 τόν
738 4718 845 4788 ἀριθμόν
869 4723 957 4771 τοῦτον
983 4719 1074 4791 ἔχοντά
1101 4736 1156 4770 τινα
1179 4719 1292 4789 ἀνάγκην
1318 4719 1410 4779 καλοὺς
1436 4721 1568 4791 κάγαθοὺς

193 4810 265 4873 εἶναι,
294 4811 336 4860 καὶ
363 4805 419 4861 οὔτ’
442 4810 492 4869 ἔξω
518 4808 616 4862 τοότων
640 4808 788 4866 σπουδαίους
812 4805 869 4860 οὔτ’
888 4808 956 4865 ἐντός
979 4807 1077 4861 τοῦτων
1102 4811 1226 4879 πονηροὺς
1249 4809 1301 4861 οἶόν
1329 4827 1356 4861 τε
1379 4808 1417 4878 τίη
1437 4810 1566 4878 γενέσθαι·

194 4897 278 4949 ἔπειτα
298 4894 334 4964 δ’,
353 4897 412 4968 ἔφη,
436 4897 487 4967 δρῶ
508 4898 586 4967 ἔγωγε
610 4896 654 4949 δῦο
678 4898 743 4967 ημᾶς
767 4898 797 4948 τὰ
815 4897 985 4950 ἐναντιώτατα
1004 4899 1169 4969 πράττοντας,
1191 4897 1272 4967 βιαίαν
1295 4916 1322 4950 τε
1345 4898 1392 4968 τἠν
1416 4898 1498 4970 ἀρχὴν
1523 4901 1567 4953 καὶ

193 4985 288 5055 ἥττονα
306 4992 358 5039 τῶν
378 4986 526 5059 ἀρχομένων
545 4987 817 5054 κατασκευαζομένους.
