3510 5610
279 311 341 379 138
428 310 636 380 πεντεκαίδεκα
1477 303 1490 364 1
1516 305 1646 367 INDEX

278 485 504 541 πεντεκαίδεκα
523 485 584 553 55,4
1043 483 1136 556 βουλῆς
1159 483 1192 539 τά
1215 483 1328 552 ἐπίθετα)
1355 484 1438 553 2320
1479 485 1577 552 (αὐτῶν
1599 487 1647 558 τήν

278 575 462 645 πεντετηρίς
481 576 550 644 ρίιιτ.
568 575 663 638 61,6.7
1042 573 1157 642 θόναμιν)
1174 572 1236 638 293

277 664 476 735 πεντήκοντα
494 663 555 728 233
573 663 651 731 24,15
671 663 749 730 45,13
768 663 846 731 2θ,16
988 660 1224 734 περιγίγνεσθαι
1242 661 1287 734 (τῇ
1299 662 1371 718 πόλει
1382 663 1492 717 τάλαντα
1504 663 1599 719 έκατόν
1618 666 1649 719 ἐκ

278 751 493 822 πεντηκοστός
511 750 572 819 30,7
1039 757 1092 805 τῶν
1111 750 1204 822 έργων)
1224 749 1301 819 2620

278 839 395 898 πέπλος
414 840 547 893 Μιιιενοοο
565 841 639 893 vatis
658 839 736 905 5317
756 839 834 907 70,16
987 837 1208 912 περιελαίενιιν
1234 841 1379 906 opprimere.
1423 839 1649 913 περιελαυνόμενος

278 929 381 999 πέρας.
418 928 459 981 έπλ
475 928 552 998 πέρας
569 927 647 1000 ήγαγε
670 929 718 998 τὴν
736 929 838 1000 είρήνην
856 926 935 991 40,ίὸ
1041 928 1054 982 θ
1073 923 1211 997 Μεγακλῆς
1229 928 1263 1000 τῇ
1280 930 1364 981 στάσει
1384 929 1443 995 173

278 1017 356 1088 περί.
387 1033 410 1070 ο.
429 1033 490 1086 gen.
509 1016 591 1089 θπερλ
603 1023 655 1069 τῶν
667 1022 766 1086 ταμιῶν
778 1014 856 1085 νόμος
874 1014 937 1079 0,10
987 1014 1170 1087 περιελθεῖν
1190 1031 1214 1067 ν.
1232 1014 1407 1089 περιέρχεσθαι

331 1102 841 1170 σί.10,911,219,2125,1238,1
883 1110 937 1161 τοῖς
988 1101 1221 1176 περιέρχεσθαι.
1264 1102 1432 1176 συλλαβόντες
1453 1101 1474 1157 θ’
1494 1104 1567 1159 οὗτοι
1589 1108 1650 1164 τοῖος

331 1194 418 1262 νόμοις
436 1193 460 1245 οἳ
478 1191 509 1245 ἂν
527 1189 635 1246 τεθῶσιν
654 1192 709 1262 περί
727 1196 779 1244 τῶν
798 1189 937 1244 πολιτικῶν
1040 1191 1153 1263 ἐφήβους
1180 1197 1283 1264 πρῶτον
1310 1191 1356 1261 μέν
1378 1194 1411 1246 τά
1433 1191 1487 1265 ίιρά
1510 1191 1650 1265 περιῆλθον

332 1279 442 1355 χρῆσθαι
464 1279 529 1347 35,5
566 1279 654 1335 Σόλων
677 1279 858 1352 ἐνομοθέτησεν
881 1282 936 1350 περὶ
1041 1278 1120 1341 44,12

331 1376 384 1422 τῶν
397 1369 467 1422 ἐννέα
480 1368 613 1440 ἀρχόντων
627 1367 687 1431 9,12
719 1370 838 1440 περὶτῶν
851 1368 937 1436 νόμων
989 1365 1221 1437 περιζωννόναι
1244 1368 1313 1421 med.
1333 1370 1534 1441 περιζωσάμενος
1553 1369 1650 1443 έθημη·

332 1458 374 1511 καὶ
392 1464 444 1510 τῶν
464 1456 577 1510 εὐθυνῶν
597 1459 640 1510 καί
657 1463 710 1508 τῶν
722 1455 807 1510 ἄλλων
820 1458 937 1527 πράττειν
1041 1454 1132 1526 γόρησε
1150 1454 1228 1522 31,16

331 1543 398 1620 ήᾶν
417 1547 529 1617 ήγῶνται
545 1546 679 1616 συμφέρειν
696 1544 757 1610 353
792 1544 862 1615 αίιτηῖ
881 1545 937 1614 περὶ
988 1543 1151 1615 πιριίέναι.
1187 1546 1254 1600 κατὰ
1277 1545 1373 1618 θήμους
1395 1545 1523 1620 περιόντες
1540 1547 1593 1611 (εἰσ
1616 1545 1651 1611 L)

331 1640 385 1687 τῶν
403 1635 491 1703 νόμων
510 1632 639 1705 ένιίιχλουν
661 1632 736 1698 11,18
767 1633 793 1686 ἐν
812 1634 846 1704 τῇ
864 1633 936 1703 ποιή·
1042 1630 1156 1692 ἐδίκαζον
1176 1633 1236 1701 57,7

332 1739 369 1776 σει
387 1722 443 1792 περὶ
461 1721 545 1774 αὐτῶν
568 1720 626 1786 12,2
663 1722 864 1792 ἀποφαινόμενος
882 1723 937 1791 περί
989 1719 1238 1791 περιλαμβάνειν
1257 1722 1369 1777 καθόλου
1387 1721 1559 1794 τόβέλτεστον
1576 1741 1651 1790 ρεπε-

332 1816 378 1865 τοῡ
396 1810 510 1880 πλήθους
525 1810 583 1874 123
614 1808 805 1880 συμβουλιίιωσι
817 1813 936 1881 περὶτῶν
1042 1809 1129 1860 ταίίιεν
1147 1811 1344 1864 circumscribere
1365 1810 1423 1878 11,ss

333 1901 507 1970 προκειμένων
529 1897 612 1964 33‚13
639 1899 672 1951 τί.
695 1898 832 1964 34,18.19
873 1897 938 1967 λέγει
990 1896 1174 1967 περιπολεῖν
1192 1899 1249 1970 (τήν
1266 1898 1366 1971 χώραν)
1384 1898 1442 1964 45,1

332 1989 388 2057 περὶ
415 1994 467 2040 τῶν
496 1985 658 2058 βουλομένων
689 1986 767 2050 1214
795 1985 827 2038 cf.
855 1985 934 2052 33,11
990 1984 1095 2057 πέτρα.
1131 1985 1261 2045 παντελῶς
1279 1987 1370 2059 πέτρας
1389 1987 1534 2040 σκάπτοντα
1556 1985 1618 2054 19,3

335 2074 392 2141 13,1
430 2076 481 2128 είπι
510 2076 565 2146 πιρί
591 2079 644 2128 τῶν
671 2072 758 2126 όπλων
786 2073 815 2126 τὸ
839 2072 939 2143 γεγονός
990 2073 1153 2146 πηγνύναι.
1191 2072 1265 2145 όρους
1282 2073 1381 2129 ἀνεῖλον
1400 2074 1518 2149 πολλαχῇ
1538 2075 1652 2145 πεπηγό-

337 2163 395 2225 18,9
426 2165 481 2234 περὶ
494 2160 586 2217 Νικίου
605 2160 769 2232 ὁμολογοῦσιν
789 2160 849 2225 329
880 2177 938 2214 στα·
1040 2179 1084 2220 τας
1103 2161 1165 2215 Solo
1187 2161 1246 2230 13‚8

334 2252 457 2313 σιάζοντις
481 2253 537 2322 περί
561 2255 607 2321 τῆς
629 2250 709 2323 ἀρχῆς
735 2247 803 2316 15,3
849 2250 875 2302 ίν
901 2250 940 2319 τῷ
987 2254 1115 2320 πηροῦν.
1145 2251 1204 2308 τοὺς
1222 2249 1252 2302 τό
1271 2256 1346 2318 σῶμα
1359 2251 1559 2322 πεπηρωμένους
1572 2249 1653 2314 53,22

333 2340 396 2411 πρὸς
423 2336 556 2411 Μεγαρέας
584 2337 689 2408 πολέμῳ
716 2339 772 2408 περὶ
799 2334 939 2405 Σαλαμῖνος
987 2345 1068 2409 πῖαρ.
1117 2338 1173 2409 πρίν
1203 2338 1343 2409 ἀνταράξας
1372 2346 1433 2413 πῖαρ
1462 2337 1556 2400 ἐξεῖλεν
1586 2338 1653 2409 γάλα

335 2427 395 2493 20,2
431 2428 475 2487 τὰς
493 2428 549 2497 περί
567 2434 620 2480 τῶν
638 2428 767 2498 προτέρων
779 2425 859 2484 αίτίας
877 2424 937 2489 42,7
1040 2430 1152 2480 obscuro
1172 2426 1271 2480 dictum
1292 2426 1398 2482 Solonis
1420 2428 1496 2494 14,16

334 2515 434 2584 ἀγῶνας
457 2515 583 2585 ἐπιφέρων
610 2517 666 2587 περί
692 2520 743 2568 τῶν
770 2513 937 2585 διῳκημένων
990 2514 1106 2575 πιέζειν
1125 2513 1180 2581 (τὸν
1199 2513 1320 2568 αὐλίσκον
1338 2521 1385 2587 τῆς
1402 2517 1501 2588 ψήφου)
1518 2513 1600 2581 81,13

334 2601 412 2667 28,27
431 2602 491 2669 32,9
528 2602 585 2671 περί
598 2600 760 2674 θηραμένους
778 2602 938 2673 άμφισβήτη·
991 2602 1094 2674 πίειρα
1112 2600 1205 2672 (χθών)
1224 2602 1287 2656 Solu
1308 2603 1385 2667 12,22

335 2706 371 2749 σις
388 2696 435 2760 τῆς
453 2689 559 2762 κρίσεώς
578 2692 630 2744 ἐστι
651 2690 732 2756 32,11
771 2691 859 2750 οίτινες
882 2705 938 2760 συγ·
990 2688 1130 2748 πιθανός.
1167 2689 1341 2763 πιθανώτερος
1358 2691 1451 2763 (λόγος)
1471 2691 1514 2753 7,3

335 2779 459 2850 γράψουσι
476 2779 532 2849 περὶ
545 2783 591 2847 τῆς
603 2780 729 2850 σωτηρίας
747 2777 808 2846 33,4
826 2780 859 2832 εί.
878 2777 939 2843 353
991 2779 1112 2851 πικρός.
1148 2784 1223 2831 πᾶσιν
1236 2778 1268 2849 ήν
1287 2778 1390 2838 άπιστος
1408 2782 1452 2833 καί
1464 2779 1555 2850 πικρός
1574 2778 1654 2845 21,20

335 2867 422 2933 3311.
437 2867 467 2920 13
502 2868 534 2920 τὰ
552 2865 658 2927 δόξαντα
677 2868 733 2937 περὶ
750 2872 797 2938 τῆς
815 2867 941 2926 πολιτείας
1043 2868 1102 2920 adv,
1127 2867 1302 2936 ἐνεσημαίνιτο
1324 2872 1421 2939 πικρῶς
1445 2868 1527 2936 20,21
1566 2868 1655 2937 πικρό·

335 2955 413 3021 3719
450 2957 568 3027 περὶτοῦ
587 2955 673 3008 θοΰναι
691 2954 778 3024 κόριον
790 2956 939 3026 ποιήσαντες
1044 2973 1119 3008 τατον
1138 2954 1169 3024 ήν
1188 2954 1216 3008 τὸ
1234 2952 1360 3008 δουλείαν
1380 2955 1440 3018 3,12

334 3043 396 3110 38,4
414 3043 474 3110 42,7
511 3043 703 3115 θιαψηφίζονται
721 3046 776 3114 περί
794 3043 879 3097 αὐτῶν
898 3043 941 3110 43,
992 3045 1142 3096 πινάκιον
1170 3042 1386 3112 (λελευκωμένον)
1414 3043 1482 3108 52,6
1528 3043 1654 3111 (πθξινον)

336 3133 369 3185 21
400 3130 483 3199 6220
523 3131 596 3202 δίκην
625 3130 733 3184 διδόασιν
760 3133 815 3202 περὶ
842 3131 939 3204 κλήρου
1045 3132 1128 3198 04,15
1152 3132 1186 3185 εί.
1212 3129 1322 3195 75,2.3.
1335 3130 1367 3184 15
1386 3131 1452 3197 78,3
1495 3133 1564 3202 plur.
1582 3132 1653 3196 74,4.

337 3222 379 3273 καί
398 3218 536 3293 ἐπικλήρου
553 3219 619 3287 45,5
655 3222 711 3290 περί
734 3219 804 3273 σίτου
822 3220 940 3291 καὶπερὶ
1045 3218 1080 3271 23
1098 3219 1167 3286 75,4.
1182 3220 1214 3273 10
1231 3219 1302 3285 77,5.
1314 3208 1373 3298 [10]
1393 3219 1454 3284 78,4

336 3307 451 3380 φυλακῆς
483 3313 530 3378 της
559 3308 647 3378 χώρας
676 3309 839 3378 χρηματίζειν
870 3309 939 3375 46,3
991 3306 1083 3368 πίναξ
1101 3311 1163 3373 (τῶν
1181 3307 1290 3375 έππίων)
1310 3307 1380 3373 53,9.
1393 3308 1425 3362 15

335 3399 391 3467 περί
409 3400 454 3466 τῆς
473 3394 671 3466 ὀστρακοφορίας
690 3396 886 3467 ἐπιχειροτονίαν
905 3395 940 3449 δι·
991 3398 1193 3466 πιπράσκειν.
1224 3396 1349 3467 ἀνήγαγον
1368 3393 1510 3466 πραθέντας
1528 3395 1591 3450 Solo
1613 3395 1652 3458 13,

335 3484 418 3538 θόασιν
440 3485 506 3549 47,4
543 3485 569 3536 τί
588 3483 632 3537 διἰο
650 3491 795 3554 πρυτανεῖαι
813 3487 940 3557 περὶτῶν
1047 3486 1076 3536 11
1114 3485 1146 3536 τά
1159 3485 1241 3556 χωρία
1254 3485 1448 3554 τάπογραφίντα
1460 3484 1505 3537 καλ
1523 3482 1652 3555 πραθέντα

335 3573 422 3626 άλλων
435 3573 495 3627 είσίν
513 3573 574 3638 47,9
593 3573 627 3625 τί.
639 3572 717 3636 4816
754 3574 809 3643 περὶ
827 3571 940 3631 πλείονος
1046 3571 1124 3636 50,ίὸ
1164 3574 1207 3627 καί
1229 3575 1262 3626 τὰ
1284 3569 1413 3642 πραθέντα
1436 3571 1549 3640 μέταλλα
1570 3573 1603 3626 ταί
1624 3568 1650 3625 τ’

335 3660 486 3733 ποιήσασθαι
505 3660 547 3727 7,6
1045 3658 1165 3730 ἐργάσιμα
1182 3663 1214 3715 τά
1226 3662 1260 3718 είς
1272 3660 1328 3731 τρία
1341 3659 1386 3729 έτη
1399 3661 1547 3732 πεπραμένα
1559 3662 1604 3714 καί
1621 3662 1652 3714 τά

372 3767 395 3804 ε.
413 3766 466 3803 acc.
487 3749 535 3802 loc.
565 3748 621 3821 περί
639 3749 683 3802 τὸν
701 3746 825 3820 θερμαῖον
844 3747 939 3801 κόλπον
1045 3749 1261 3822 συγκεχωρημένα
1279 3748 1311 3801 τά
1330 3747 1364 3806 ιίς
1449 3748 1494 3819 ἐτη
1507 3750 1652 3821 πεπραμένα

338 3837 415 3903 17,22
450 3837 509 3896 τοὺς
531 3838 587 3908 περὶ
607 3833 730 3907 Πάγγαιον
751 3838 844 3895 τόπους
865 3835 941 3901 1723
1046 3836 1115 3904 50,θ.
1128 3837 1160 3890 10
1196 3837 1228 3889 τά
1246 3834 1306 3906 τέλη
1325 3835 1358 3889 τά
1376 3835 1411 3893 είς
1429 3836 1546 3891 ἐνιαυτὸν
1557 3855 1650 3908 πεπρα·

337 3931 382 3997 τῆς
409 3927 465 3998 περὶ
492 3923 621 3994 Σαλαμῖνα
647 3924 787 3997 ναυμαχίας
818 3924 878 3990 27,θ
906 3924 940 3978 cf.
1046 3926 1110 3994 μένα
1128 3924 1206 3990 50,12
1226 3952 1260 3963 -
1279 3932 1331 3978 σοι.
1350 3940 1374 3977 v.
1394 3923 1489 3979 πωλεῖν

336 4014 397 4082 36,5
434 4015 457 4068 οί
475 4015 531 4083 περὶ
548 4012 592 4065 τὸν
611 4010 748 4083 Μεγακλέα
766 4011 871 4064 καὶτὸν
890 4010 941 4064 Au·
993 4010 1149 4065 πιστείιειν
1169 4010 1194 4078 (ό
1213 4011 1293 4081 ὃήμυς
1311 4013 1350 4081 τῷ
1368 4007 1526 4077 Κλεισθένει)
1545 4012 1606 4080 24,9

336 4107 445 4174 κοϋργον
467 4100 523 4168 17,7
541 4101 665 4168 01.20,16
684 4099 762 4166 2319
781 4100 842 4167 31,8
860 4098 940 4164 40,ίθ
991 4099 1103 4159 πίστις.
1129 4099 1214 4153 δοῦναι
1223 4099 1270 4171 τήν
1281 4099 1363 4162 δεξιάν
1373 4101 1482 4161 πίστεως
1490 4105 1563 4173 χάριν
1574 4100 1651 4165 21,15

337 4191 399 4244 δέκα
417 4197 470 4244 τῶν
488 4190 544 4259 περὶ
561 4188 590 4242 τὸ
604 4188 665 4241 άστυ
679 4187 758 4253 2420
789 4197 871 4256 temp.
884 4203 940 4240 συν-
991 4188 1081 4242 πιστέ
1087 4206 1098 4246 ς
1118 4189 1214 4256 superi.
1235 4187 1295 4254 60,2

337 4279 384 4351 έβη
402 4277 488 4336 αὐτοῐς
505 4278 561 4347 περὶ
580 4277 622 4329 τὸν
641 4277 734 4349 χρόνον
751 4279 841 4330 τοῦτον
861 4276 940 4342 27,14
991 4275 1179 4329 πλανᾶσθαι.
1225 4275 1346 4350 πολλαχῇ
1375 4276 1559 4348 πλανωμένους
1589 4276 1651 4330 Solo

337 4366 529 4437 ρεείρίιτεείίεε
552 4367 584 4418 τὰ
603 4367 658 4436 περί
675 4365 719 4422 τὰς
738 4363 818 4437 ἀρχάς
836 4364 879 4430 5,2
900 4365 941 4432 10,
1047 4365 1123 4431 1314

339 4457 370 4510 14
389 4457 422 4509 σί.
440 4454 510 4520 45,1.
521 4452 572 4507 7.8
591 4452 651 4518 70,2
681 4453 713 4505 τά
731 4454 787 4525 περί
804 4454 852 4523 τήν
870 4453 941 4506 πόλιν
993 4450 1143 4506 πλάττειν
1154 4453 1220 4505 med.
1231 4451 1288 4526 οὐχὶ
1297 4453 1471 4525 πλαττόμενος
1479 4453 1544 4507 ἀλλὰ
1553 4451 1650 4522 (ευρρί.

340 4545 415 4607 18,14
445 4542 477 4594 τά
495 4541 551 4611 περὶ
569 4541 613 4594 τὸν
631 4540 656 4592 ἐν
675 4544 713 4611 τῷ
725 4537 848 4612 Ὑμηττῷ
864 4558 941 4612 γεωρ·
1046 4539 1156 4610 τάληθές
1173 4540 1265 4609 λέγων)
1284 4542 1363 4607 21,12

337 4636 428 4701 γοῦντα
449 4630 507 4696 19,2
538 4629 672 4683 ἀδικοῦντα
691 4629 746 4700 περὶ
764 4629 808 4682 τόν
821 4630 941 4701 μερισμόν
993 4627 1162 4686 πλεονάκις
1182 4627 1259 4690 7316

337 4721 410 4783 51,21
451 4719 515 4788 μηδέ
534 4719 647 4789 γίγνηται
665 4718 721 4790 περὶ
738 4720 818 4770 ταῦτα
830 4717 940 4789 κακοθρ-
991 4715 1200 4771 πλεονεκτεῖν
1221 4717 1278 4782 6,11

338 4825 407 4878 γημα
426 4807 504 4879 μηθέν
524 4807 582 4873 78,7
993 4804 1164 4866 πλεονεξία.
1209 4807 1265 4876 περί
1296 4805 1408 4864 πλείονος
1439 4803 1592 4877 ποιήσασθαι
1623 4802 1652 4858 τό

286 4903 458 4967 περιαιρεῖν
478 4897 546 4948 med.
565 4894 618 4960 (τὸν
636 4893 767 4964 στέφανον)
786 4893 848 4959 67,8
885 4892 941 4964 (τῆς
1047 4892 1127 4945 καλὸν
1154 4894 1197 4945 καλ
1225 4893 1271 4962 τήν
1293 4898 1340 4963 τῆς
1361 4893 1459 4954 πόλεως
1483 4892 1609 4966 σωτηρίαν
1635 4891 1651 4960 ἡ
