3510 5610
283 324 509 378 ARISTOTELIS
529 325 593 378 RES
613 325 758 379 PUBLIOA
780 325 1045 378 ATHENIENSIUM
1064 326 1144 378 XXV
1158 324 1334 378 3-xxvl4
1452 325 1493 388 29

179 500 230 582 τὴν
254 498 364 583 βουλὴν
387 500 402 561 6
420 498 622 580 Θεμιστοκλῆς
636 500 708 582 πρδς
725 500 778 580 μὲν
795 500 842 561 τδν
856 496 1023 583 Ἐφιάλτην
1044 498 1140 581 ἔλεγεν
1158 501 1201 563 δτι
1217 499 1410 582 συναρπάζειν
1424 522 1447 572 ρ.
1462 505 1492 556 11
1547 554 1551 565 ,

180 601 266 664 αύτδν
290 603 308 685 ἡ
332 603 424 686 βουλὴ
448 602 557 684 μέλλει,
581 603 653 685 πρὸς
676 603 707 665 δὲ
730 603 797 671 τοὺς
813 603 1019 687 Ἀρεοπαγίτας
1042 603 1085 666 ότι
1109 603 1194 672 δείξει
1216 603 1294 671 τινάς
1310 622 1440 676 συνιστα-

179 703 281 786 μένους
315 705 363 768 ἐπὶ
398 706 553 768 καταλύσει
587 710 639 788 τῆς
673 707 827 774 πολιτείας.
874 707 990 787 ἀγαγὼν
1023 707 1056 769 δὲ
1088 705 1154 774 τούς
1187 706 1355 787 αἱρεθέντας
1387 710 1440 787 τῆς

179 809 288 892 βουλῆς
310 807 344 871 ού
368 807 507 893 διέτριβεν
531 809 547 871 6
567 806 741 892 Ἐφιάλτης,
772 809 818 872 ἵνα
842 810 921 891 δείξη
944 810 1011 877 τοδς
1035 809 1272 893 ἀθροιζομένους,
1295 808 1439 890 διελέγετο

143 930 158 978 υ
179 911 251 991 μετὰ
274 914 402 995 σπουδῆς
424 911 531 979 αὐτοῖς.
577 913 593 974 6
617 911 641 975 δ’
660 910 824 995 Ἐφιάλτης
849 916 889 981 ῶς
911 911 985 974 εἶδεν
1010 914 1202 992 καταπλαγεὶς
1223 912 1337 982 καθίζει
1358 935 1439 992 μονο-

177 1014 267 1099 χίτων
291 1013 340 1076 ἐπὶ
362 1015 411 1076 τὸν
434 1012 544 1099 βωμόν.
632 1015 847 1094 θαυμασάντων
876 1017 908 1080 δὲ
931 1016 1047 1077 πάντων
1070 1016 1103 1078 τδ
1125 1013 1270 1098 γεγον[δς]
1295 1016 1344 1077 καὶ
1368 1015 1439 1093 μετὰ
1475 1020 1493 1076 4

178 1122 269 1181 ταῦτα
305 1118 568 1201 συναθροισθείσης
604 1124 657 1202 τῆς
694 1119 802 1203 βουλῆς
839 1124 896 1181 τῶν
934 1119 1131 1182 πεντακοσίων
1168 1119 1347 1201 κατηγόρουν
1382 1125 1439 1181 τῶν

175 1218 397 1303 Ἀρεοπαγιτῶν
420 1219 437 1282 6
459 1219 480 1282 τ’
498 1218 662 1304 Ἐφιάλτης
684 1222 732 1284 καὶ
756 1221 798 1306 <ύ>
820 1221 1030 1305 Θεμιστοκλῆς,
1054 1223 1102 1285 καὶ
1126 1223 1210 1285 πάλιν
1234 1222 1263 1285 ἐν
1286 1227 1329 1306 τῷ
1352 1223 1439 1305 δήμιρ

177 1324 225 1386 τδν
248 1323 474 1405 αὐτὸντρόπον,
498 1323 555 1393 έιυς
577 1325 753 1407 περιειλοντο
769 1325 865 1387 αὐτῶν
881 1327 933 1408 τὴν
949 1326 1078 1406 δύναμιν.
1110 1325 1160 1387 καί
1177 1345 1197 1384 ιε
1220 1346 1240 1385 κ
1263 1345 1283 1384 ιι
1306 1324 1439 1409 ἀνηρέθη

128 1447 160 1494 10
178 1429 209 1490 δὲ
241 1429 290 1492 καί
318 1424 521 1512 ύἘφιάλτης
548 1429 758 1512 δολοφονηθεὶς
787 1427 850 1510 μετ’
879 1427 913 1490 ού
941 1428 1031 1491 πολύν
1054 1428 1161 1513 χρόνον
1188 1426 1220 1490 δι’
1239 1426 1439 1511 Ἀριστοδίκου

178 1535 227 1594 τοῦ
250 1529 275 1595 T
277 1531 441 1612 αναγραίου.

262 1632 377 1698 XXVI.
411 1658 430 1715 η
461 1634 512 1716 μὲν
541 1632 591 1697 σύν
620 1639 677 1696 τῶν
691 1633 908 1718 Ἀρεοπαγιτῶν
931 1635 1022 1718 βουλὴ
1047 1639 1147 1698 τοῦτον
1171 1637 1220 1698 τὸν
1244 1634 1349 1719 τρόπον
1373 1635 1440 1698 ἀπε·
1481 1641 1493 1698 1

181 1737 312 1820 στερήθη
341 1742 392 1819 τῆς
418 1737 593 1818 ἐπιμελείας.
639 1737 712 1819 μετὰ
735 1739 767 1800 δὲ
794 1742 884 1800 ταῦτα
910 1738 1074 1823 συνέβαινεν
1097 1738 1231 1802 ἀνίεσθαι
1255 1742 1364 1820 μᾶλλον
1387 1741 1440 1822 τὴν

178 1842 322 1903 πολιτείαν
357 1840 404 1902 διά
439 1841 505 1908 τοδς
538 1840 698 1922 προθύμως
733 1843 987 1924 δημαγωγούντας.
1032 1841 1106 1904 κατὰ
1140 1842 1194 1925 γάρ
1220 1841 1289 1911 τοὺς
1322 1841 1439 1926 καιροὺς

129 1962 158 2009 15
176 1943 296 2010 τούτους
328 1943 467 2006 συνέπεσε
501 1940 568 2026 μηδ’
598 1942 727 2025 ἡγεμόνα
761 1942 841 2028 ἔχειν
869 1944 936 2011 τοὺς
964 1944 1206 2027 ἐπιεικεστέρους,
1242 1943 1306 2007 ἀλλ’
1341 1944 1437 2008 αὐτῶν

177 2047 350 2128 προεστάναι
379 2043 502 2128 Κίμωνα
535 2047 584 2109 τδν
612 2044 784 2124 Μιλτιάδου,
819 2049 960 2130 νεώτερον
993 2046 1061 2111 όντα
1094 2051 1143 2110 καὶ
1176 2050 1247 2131 πρὸς
1273 2050 1326 2132 την
1356 2047 1438 2110 πόλιν

179 2149 233 2231 δφὲ
260 2149 471 2232 προσελθόντα,
505 2150 577 2230 πρὸς
600 2149 633 2211 δὲ
655 2149 766 2217 τούτοις
788 2150 938 2232 ἐφθάρθαι
962 2150 1028 2219 τοὺς
1050 2150 1175 2218 πολλοὺς
1198 2152 1271 2214 κατὰ
1294 2151 1437 2233 πόλεμον·

180 2255 232 2334 τῆς
253 2252 307 2335 γὰρ
332 2252 481 2335 στρατείας
503 2253 671 2335 γιγνομένης
695 2251 725 2314 ἐν
749 2259 809 2321 τοῖς
831 2252 896 2316 τότε
920 2253 1035 2338 χρόνοις
1058 2255 1091 2318 ἐκ
1114 2255 1275 2338 καταλόγου
1292 2256 1340 2318 καὶ
1356 2276 1439 2338 στρα-

178 2361 275 2438 τηγῶν
309 2355 510 2438 ἐφισταμένων
545 2356 672 2438 ἀπείρων
707 2357 759 2435 μὲν
792 2360 844 2418 τοῦ
878 2359 1015 2436 πολεμεῖν
1050 2358 1221 2440 τιμωμένων
1254 2360 1286 2420 δὲ
1313 2358 1360 2421 διὰ
1388 2357 1439 2426 τάς

127 2478 161 2524 20
178 2459 318 2540 πατρικὰς
340 2457 435 2529 δόξας,
459 2458 516 2520 αἰεὶ
538 2459 702 2542 συνέβαινεν
726 2465 784 2520 τῶν
807 2459 941 2527 ἐξιόντων
965 2459 1022 2523 ἀνά
1045 2462 1204 2546 δισχιλίους
1227 2461 1439 2546 ἢτρισχιλίους

178 2562 373 2634 ἀπόλλυσθαι,
407 2561 484 2623 ὥστε
518 2561 726 2625 ἀναλίσκεσθαι
759 2560 826 2631 τοὺς
860 2562 996 2632 ἐπιεικεῖς
1025 2565 1072 2626 καὶ
1102 2569 1152 2627 τού
1181 2566 1276 2646 δήμου
1305 2565 1353 2626 καί
1381 2569 1438 2627 τῶν

178 2664 320 2747 εὐπόρων.
408 2665 444 2727 τά
474 2665 527 2746 μὲν
555 2662 605 2726 ούν
633 2664 707 2728 ἀλλα
735 2666 828 2727 πάντα
855 2665 980 2750 διῴκουν
1008 2666 1066 2751 οὐχ
1094 2667 1203 2749 ὁμοίως
1231 2667 1439 2751 καὶπρότερον
1476 2675 1492 2728 2

178 2773 237 2834 τοῖς
259 2768 358 2847 νόμοις
381 2767 584 2852 προσέχοντες,
612 2769 662 2851 τὴν
687 2769 718 2830 δέ
741 2772 799 2830 τῶν
823 2767 905 2831 ἐννέα
933 2770 1083 2854 ἀρχόντων
1107 2771 1215 2853 αίρεσιν
1239 2771 1292 2835 οὐκ
1315 2772 1437 2852 ἐκίνουν,

178 2869 243 2934 ἀλλ’
263 2844 341 2956 ἕκάιμ
364 2870 421 2933 ἔτει
444 2872 517 2954 μετά
541 2872 588 2933 τδν
608 2868 771 2954 Ἐφιάλτου
795 2872 920 2935 θάνατον
943 2871 1071 2953 ἔγνωσαν
1096 2877 1143 2937 καὶ
1166 2875 1199 2938 ἐκ
1215 2880 1354 2955 ζευγιτῶν
1371 2899 1438 2959 προ·

126 2992 158 3041 25
176 2975 323 3057 κρίνεσθαι
350 2976 418 3044 τοὺς
443 2974 685 3059 κληρωσαμένους
712 2979 770 3037 τῶν
798 2975 881 3038 ἐννέα
904 2976 1066 3060 ἀρχόντων,
1093 2977 1141 3040 καὶ
1165 2984 1278 3062 πρῶτος
1301 2979 1385 3064 ἧρξεν
1409 2979 1438 3048 ἐξ

177 3077 273 3142 αὐτῶν
296 3077 507 3163 Μνησιθείδης.
553 3080 579 3140 οἱ
602 3079 634 3141 δέ
657 3078 712 3161 πρὸ
736 3078 839 3141 τούτου
867 3080 971 3147 πάντες
994 3079 1024 3147 ἐξ
1048 3078 1159 3142 ἱππέων
1183 3083 1230 3144 καὶ
1252 3104 1437 3146 πεντακοσιο-

178 3182 322 3264 μεδίμνων
344 3181 431 3265 ἧσαν,
458 3183 485 3244 οἱ
508 3181 566 3265 (δὲ)
590 3186 716 3263 ζευγῖται
738 3181 789 3249 τὰς
805 3182 973 3265 ἐγκυκλίους
995 3182 1099 3267 ἦρχον,
1123 3185 1148 3246 εἰ
1164 3186 1204 3268 μή
1223 3208 1249 3247 τι
1265 3192 1438 3271 παρεωρᾶτο

177 3290 236 3348 τῶν
249 3287 279 3348 ἐν
291 3291 352 3354 τοῖς
363 3285 474 3368 νόμοις.
562 3284 619 3348 ἔτει
632 3287 664 3348 δὲ
679 3285 805 3370 πέμπτῳ
823 3288 896 3368 μετά
911 3291 1001 3349 ταῦτα
1015 3287 1063 3349 ἐπὶ
1081 3290 1281 3372 Λυσικράτους
1297 3290 1439 3376 ἄρχοντος
1475 3298 1492 3355 3

176 3390 204 3452 οἱ
226 3390 379 3473 τριάκοντα
401 3391 535 3454 δικασταὶ
554 3391 734 3474 κατέστησαν
755 3393 840 3453 πάλιν
857 3391 883 3453 οί
900 3391 1073 3469 καλούμενοι
1089 3392 1162 3455 κατά
1178 3394 1301 3477 δήμους·
1390 3396 1438 3458 καὶ
1474 3405 1491 3461 4

124 3512 158 3560 ³0
176 3494 263 3579 τρίτιμ
286 3493 359 3573 μετὰ
381 3497 482 3557 τοῦτον
505 3493 552 3556 ἐπὶ
573 3492 740 3558 Ἀντιδότου
763 3492 810 3557 διά
832 3495 865 3557 τὸ
888 3496 1002 3578 πλῆθος
1029 3502 1088 3557 τῶν
1116 3499 1241 3559 πολιτῶν
1266 3496 1440 3581 Περικλέους

176 3599 308 3666 εἰπόντος
335 3594 465 3680 ἔγνωσαν
492 3597 533 3680 μὴ
563 3597 696 3681 μετέχειν
720 3602 772 3680 τῆς
794 3595 908 3667 πόλεως
932 3597 963 3666 δς
986 3596 1021 3660 ἀν
1046 3598 1087 3682 μὴ
1111 3599 1140 3668 ἐξ
1163 3599 1272 3683 ἀμφοῖν
1295 3601 1393 3665 ἀστοῖν
1417 3599 1437 3686 ᾖ

176 3703 313 3785 γεγονώς.

124 3871 141 3924 3
163 3871 383 3945 αφαιρεθινταςύ
526 3873 543 3925 8
566 3871 579 3924 6
603 3873 662 3925 add.
688 3873 772 3938 K·W‚
800 3873 834 3926 α1.
986 3874 1002 3926 9
1026 3874 1139 3944 περιιλον
1163 3874 1206 3940 L‘,
1234 3894 1262 3927 το
1290 3893 1422 3945 superscr.
1446 3878 1492 3942 L¹3

123 3959 271 4032 παρείλοντο
290 3961 356 4024 fl-L,
377 3960 415 4014 Bl.
559 3961 681 4014 lacunam
702 3963 771 4013 inter
790 3963 833 4014 καὶ
852 3966 878 4014 ει
896 3961 1009 4033 ἀκηρέθη
1030 3964 1150 4016 indicant
1169 3964 1253 4027 K-W,
1274 3960 1324 4030 BL,
1343 3966 1369 4018 S.

126 4047 157 4101 13
174 4046 301 4103 ανειεσθαι
321 4048 341 4101 L
487 4049 517 4101 16
536 4047 670 4119 νεώτερον]
690 4047 848 4119 νωθρότερον
868 4051 969 4103 Kontos
990 4051 1096 4117 (K-w),
1115 4051 1160 4104 alii
1180 4051 1233 4103 alia
1378 4054 1409 4106 18
1428 4072 1492 4124 γινο-

124 4155 200 4206 μενης
219 4135 240 4188 L
383 4137 417 4190 θθ
436 4135 583 4210 δισχειλιους
604 4136 622 4188 L
766 4136 798 4189 23
819 4155 930 4190 εκιινυυν
951 4138 970 4190 L
1114 4139 1147 4190 27
1166 4139 1192 4191 δὲ
1212 4155 1262 4192 om.
1282 4140 1301 4192 L
1432 4147 1494 4209 post

124 4230 274 4296 παρεωρᾶτο
294 4225 388 4278 habuit
406 4224 440 4277 L*
459 4245 506 4278 υπο
526 4228 600 4289 τ(ιον)
619 4224 717 4295 δημων,
737 4224 781 4278 sed
803 4225 854 4277 del.
874 4225 922 4276 Ll?
1038 4226 1072 4279 30
1091 4245 1137 4296 μιτ
1156 4246 1231 4280 αυτον
1245 4227 1287 4289 1,*,
1307 4230 1378 4297 quod
1398 4231 1494 4296 recipit

124 4312 176 4376 ΒΙ.;
196 4331 262 4383 μετα
280 4331 370 4366 τουτον
391 4312 423 4364 L⁴
441 4315 536 4379 (K·W‚
556 4313 593 4376 S.)
735 4312 767 4365 31
788 4309 818 4384 η’]
837 4332 868 4382 ην
887 4314 907 4366 L

215 4469 246 4524 10
274 4468 343 4521 Plut.
363 4468 456 4520 Pericl.
479 4469 510 4522 10
534 4465 677 4540 Ἐφιάλτην
702 4471 747 4537 μὲν
772 4469 815 4521 ούν
839 4469 945 4540 φοβερόν
969 4469 1030 4522 ὄντα
1053 4477 1105 4529 τοῖς
1125 4471 1294 4545 ὀλιγαρχικοῖς
1313 4475 1356 4526 καὶ
1375 4475 1430 4544 περὶ
1448 4477 1493 4533 τὰς

124 4556 229 4615 εὐθύνας
252 4559 294 4611 καὶ
318 4555 414 4617 διώξεις
436 4564 489 4610 τῶν
512 4558 555 4610 τὸν
579 4559 660 4628 δῆμον
684 4557 842 4611 ἀδικούντων
867 4559 1037 4629 ἀπαραίτητον
1061 4560 1282 4630 ἐπιβουλεύσαντες
1306 4563 1328 4614 οἱ
1352 4562 1438 4632 ἐχθροὶ
1457 4559 1491 4614 δι’

121 4640 297 4718 ἰλριστοδίκου
315 4650 361 4698 τοῦ
381 4642 539 4716 Ταναγρικοῦ
559 4647 690 4716 κρυφαίως
709 4647 814 4713 ἀνεῖλον,
834 4647 869 4707 ῶς
884 4643 1064 4720 Ἀριστοτέλης
1083 4650 1191 4722 εἴρηκεν.

211 4734 246 4788 30
265 4736 355 4788 Απτστ.
370 4734 424 4788 Pol.
438 4733 457 4788 Γ
471 4736 495 4788 ὁ.
519 4735 641 4788 1218129
655 4734 684 4788 οδ
699 4737 748 4806 μὴν
762 4733 816 4788 ἀλλ’
830 4739 884 4790 ἐπεὶ
897 4737 929 4790 δι’
945 4738 1040 4791 ἔνδειαν
1053 4744 1106 4790 τῶν
1119 4741 1227 4809 γνησίων
1241 4738 1352 4792 πολιτῶν
1365 4744 1494 4792 ποιοῦνται

124 4822 225 4882 πολίτας
243 4830 303 4881 τους
321 4821 451 4881 τοιούτους
470 4828 515 4887 (sc.
535 4825 594 4880 τούς
613 4821 722 4887 νόθους).
805 4823 968 4894 εὐποροῦντες
987 4822 1011 4878 δ’
1026 4825 1105 4898 ὄχλου
1124 4829 1191 4879 κατὰ
1209 4827 1300 4900 μικρὸν
1314 4832 1493 4900 παραιροῦνται

124 4912 181 4972 τοδς
198 4912 228 4966 ἐκ
246 4911 337 4966 δούλου
356 4917 458 4982 πρῶτον
477 4931 492 4981 η
513 4911 611 4985 δούλης,
632 4912 683 4964 εἶτα
702 4915 761 4972 τούς
784 4913 834 4966 ἀπὸ
858 4923 993 4984 γυναικῶν,
1022 4915 1092 4974 τέλος
1117 4915 1143 4969 δὲ
1167 4916 1244 4984 μόνον
1267 4919 1327 4974 τούς
1350 4916 1376 4976 ἐξ
1399 4918 1491 4986 ἀμφοῖν

124 5001 209 5054 ἀστῶν
226 5001 330 5059 πολίτας
347 5005 466 5054 ποιοῦσιν,
