3510 5610
191 312 253 378 108
339 310 446 376 εἰδέναι

243 485 267 537 εἰ
285 483 324 542 τίς
344 502 399 538 τινα
422 483 487 537 οἰδεν
510 483 645 537 ἀδικοῦντα
670 483 749 549 5191
788 481 848 536 ὅταν

242 573 277 642 μῆ
297 571 352 642 εἰδῇ
370 572 412 625 τὸν
430 573 569 641 ποιήσαντα
588 571 668 635 6190

189 661 279 719 εἰκός
298 678 321 713 ν.
337 663 444 714 ἐοικέναι
660 725 662 728 ⁴

190 747 291 802 εἰκοσι
306 748 381 816 1999
396 748 473 815 9898
486 747 546 813 339
559 746 622 812 3ἰ,0
634 748 694 811 41,6
707 746 768 809 559
787 747 847 813 749

189 835 284 888 εἰκών
304 834 429 906 (Διφίλου)
448 838 506 903 891

188 925 269 978 εἰναι
292 927 397 978 existere
422 924 473 977 ἐστι
487 963 493 975 .
507 963 513 977 .
527 923 681 993 ,ἐπιστάτης
709 922 743 980 εἰς
767 922 847 987 4794

240 1012 272 1064 cf.
286 1013 350 1078 61,ss
370 1012 453 1077 6690
489 1011 502 1065 δ
526 1013 571 1080 μέν
594 1011 670 1079 νόμος
693 1010 758 1063 ἰστιν
781 1010 797 1081 η
821 1010 847 1063 δέ

240 1100 317 1170 κρίσις
336 1100 503 1154 καταλέλυται
526 1098 590 1164 719
628 1099 723 1166 copula
746 1098 802 1160 3,5.
817 1098 846 1150 19

240 1189 386 1242 innumeris
405 1189 465 1241 aliis
485 1188 549 1240 locis
586 1188 658 1255 ἄρτια
676 1185 750 1239 ταῦτ’
765 1186 848 1239 έσεται

240 1276 302 1329 8010
327 1275 392 1341 695
429 1271 576 1345 Κλεομένην
594 1274 655 1327 ὄντα
674 1275 757 1343 ἰαυτῷ
778 1273 846 1335 ξένον

239 1363 317 1430 9393
354 1365 431 1432 νόμος
449 1363 533 1422 αδτοῖς
551 1363 583 1434 ῆν
602 1362 643 1416 δδε
665 1362 739 1428 1993
776 1364 844 1431 peri·

239 1452 371 1519 ρίιταυίἰαο
400 1469 458 1504 cum
482 1452 651 1505 substantivo
674 1451 775 1503 verbali
802 1450 844 1503 vel

239 1541 377 1607 participio
407 1540 508 1601 ἔνδειξιν
539 1539 601 1592 εἶναι
631 1540 674 1591 καί
705 1538 844 1608 ἀπαγωγὴν

238 1627 299 1696 πρὸς
317 1630 375 1685 τοὺς
388 1628 542 1699 στρατηγοδς
561 1625 638 1687 3395
657 1626 690 1678 cf.
704 1626 764 1691 69,9
784 1626 845 1688 79,4

238 1717 273 1784 μῆ
293 1716 415 1786 πρόφασις
433 1713 449 1786 ᾖ
468 1721 513 1769 τοῦ
533 1716 631 1768 ἀπιέναι
649 1714 710 1780 459
747 1709 842 1790 δτανγῆ

236 1806 377 1874 χρημάτων
391 1802 523 1874 καταβολή
537 1802 616 1869 5198
643 1797 792 1873 Ἀριστείδης
811 1801 842 1874 ῆν

237 1890 251 1944 δ
269 1893 409 1962 προτρέψας
429 1891 510 1954 9799
534 1892 566 1943 cf.
580 1889 660 1958 9794
679 1890 762 1954 4390
798 1909 842 1941 usu

235 1981 316 2029 venire
335 1981 380 2038 τὰς
398 1979 469 2037 δίκας
486 1984 532 2032 τοῦ
549 1979 628 2049 φόνου
647 1979 709 2031 εἰναι
727 1980 793 2030 κατὰ
811 1979 843 2032 τι)

237 2067 327 2136 πάτρια
350 2066 415 2130 419
452 2067 548 2138 τροφὴν
572 2065 671 2119 ἔσεσθαι
693 2071 753 2119 πᾶσι
777 2066 840 2133 98,5

235 2172 372 2206 eoncessum
395 2173 460 2216 esse,
489 2156 562 2205 livero
585 2155 621 2222 μῆ
649 2149 666 2228 γῆ
690 2159 742 2211 τοῖς
767 2170 841 2207 συκο-

237 2243 340 2310 φάνταις
359 2242 448 2312 ἔφοδος
466 2241 527 2303 38,ss
558 2242 604 2311 τῆν
616 2241 765 2312 ἀπογραφὴν
778 2241 841 2294 εἰναι

235 2337 287 2388 τοῖς
300 2330 462 2399 βουλομένοις
476 2333 580 2390 ἐξοικεῖν
593 2330 653 2393 41,5
690 2330 771 2400 ἰφεσις
790 2330 841 2382 ἐστι

235 2417 333 2475 τυδτοις
344 2419 422 2482 4995
443 2418 520 2478 5999
539 2418 571 2469 cf.
586 2417 661 2479 4991
684 2418 743 2483 679
774 2418 839 2471 ἔστιν

236 2504 398 2574 εἰσαγγέλλειν
413 2505 491 2570 5990
521 2505 569 2558 οδκ
583 2505 648 2557 ἰστιν
662 2505 785 2576 ἀναβῆναι
798 2506 840 2572 71,

237 2595 269 2646 10
288 2594 320 2646 τί.
333 2594 391 2655 489
412 2593 491 2655 4994
509 2592 624 2652 81910
654 2594 718 2663 μηδέ
737 2590 840 2664 γ’γσυνα·

186 2723 188 2726 ,
235 2689 319 2750 γαγιῖν
333 2682 409 2746 7597
442 2679 622 2748 temporaliter
635 2681 683 2738 ἐως
696 2681 725 2734 ἂν
739 2681 753 2735 δ
766 2682 839 2735 πόλε·

234 2785 280 2835 μος
298 2764 316 2841 γῆ
335 2768 426 2834 3399.
438 2767 472 2821 93
508 2764 568 2820 ὅταν
586 2763 603 2844 γ(
622 2770 654 2821 τὰ
674 2765 839 2839 Παναθήναια

235 2856 315 2920 7399
356 2862 403 2927 τἠν
431 2861 474 2908 νῦν
502 2855 578 2909 οὖσαν
603 2856 728 2910 πολιτείαν
755 2858 838 2920 4997

234 2960 290 2996 cum
315 2945 368 2997 dat.
382 2960 498 3013 possess.
516 2945 552 3003 οἰς
575 2945 604 2997 δν
623 2945 759 3014 ἑξηκοστὸν
784 2947 840 3005 ἔτος

232 3028 249 3104 η
263 3032 340 3096 5891
373 3034 395 3086 εἰ
414 3033 478 3085 ἔστιν
498 3031 569 3102 αὐτῷ
579 3029 710 3086 Ἀπόλλων
723 3035 839 3105 πατρῷος

234 3119 309 3185 6991
330 3121 362 3172 εἰ.
376 3120 437 3184 71,8
468 3121 519 3173 ἔστι
533 3119 599 3173 ἀθλα
612 3130 664 3178 τοῖς
677 3128 781 3174 νικῶσιν
796 3124 838 3181 71,

235 3206 267 3259 13
295 3207 333 3265 αἶς
343 3205 446 3280 ὕστερον
459 3207 533 3278 λόγος
546 3208 594 3262 οδκ
607 3210 672 3261 ἔστιν
685 3208 765 3267 οδδείς
778 3209 838 3271 799

233 3312 254 3347 c.
278 3313 338 3365 gen.
361 3297 474 3365 subject.
498 3300 544 3366 τῆς
572 3297 670 3355 πόλεως
701 3298 762 3351 εἶναι
792 3299 838 3367 τῆν

231 3382 345 3454 δαπάνην
367 3382 450 3449 9694
498 3401 519 3436 c.
537 3402 597 3454 gen.
618 3387 705 3453 partit.
725 3385 769 3455 (τῆ
791 3386 836 3453 μέν

231 3471 304 3539 φδσει
325 3472 368 3523 καὶ
391 3472 423 3542 τῆ
448 3470 508 3542 δέξη
531 3479 584 3524 τῶν
608 3474 726 3542 πρῶτων,
753 3474 787 3546 τῆ
809 3469 832 3526 δ’

230 3559 302 3630 οδσίιγ
325 3561 368 3611 καί
386 3565 439 3616 τοῖς
457 3561 583 3630 πράγμασι
601 3567 653 3612 τῶν
674 3563 769 3629 μέσων)
789 3562 835 3626 6,9

230 3647 345 3713 α1.91,6
382 3649 443 3700 αἰων
466 3649 582 3718 πατέρων
606 3649 664 3701 ἔσαν
690 3650 752 3702 scol.
771 3649 834 3712 999

230 3741 286 3800 (τοῦ
299 3737 384 3804 γένους
396 3743 449 3787 τῶν
460 3733 668 3804 Ἀλκμεωνιδῶν)
683 3736 757 3801 9391
773 3736 831 3799 319

229 3825 260 3876 εί.
272 3823 353 3886 9394
381 3821 744 3894 (τῶν’14ρεοπαγιτῶν)98,31
777 3824 834 3876 ταύ-

229 3929 281 3964 των
301 3912 363 3965 εἰναι
381 3915 440 3971 τοὺς
453 3916 607 3984 στρατηγοὺς
625 3913 668 3965 καί
686 3913 744 3969 τοῦς
763 3912 834 3964 ἐννέα

228 4000 351 4072 ἀρχοντας
364 4019 389 4052 κ.
401 4019 424 4053 τ.
438 4000 460 4053 λ.
474 4000 534 4062 34,5
565 4000 601 4052 ῶν
613 3999 644 4070 ἦν
655 3997 776 4073 Ἀρχῖνος
788 3997 831 4052 καί

231 4084 380 4155 Κλειτοφῶν
394 4089 437 4140 καί
449 4086 584 4158 Φορμίσιος
597 4091 640 4142 καί
653 4088 732 4161 ἰτεροι
745 4087 834 4142 πολλοί

228 4176 305 4242 3799

199 4301 200 4304 ¹
263 4266 324 4318 εἶναι
352 4280 443 4333 praep.
468 4267 599 4317 iunctum:
629 4265 831 4318 ἀπασι...ἀπό

227 4357 279 4403 τῶν
292 4359 386 4405 κοινῶν
405 4352 421 4421 ἡ
435 4351 555 4422 διοίκησις
567 4352 598 4423 ῆν
612 4353 687 4412 9891
720 4354 736 4424 ῆ
751 4358 782 4422 γῆ
796 4349 831 4405 δι’

199 4484 202 4490 .
227 4439 318 4511 ὀλίγων
338 4440 369 4512 ῆν
382 4439 424 4506 3,9
444 4440 476 4492 cf.
490 4441 550 4505 599
581 4443 611 4493 τά
625 4440 727 4493 ἐπίθετα
746 4438 778 4493 δι’
795 4441 831 4492 ὧν

226 4528 257 4598 ῆν
279 4529 296 4599 η
320 4532 366 4598 τῆς
385 4528 510 4586 πολιτείας
528 4528 631 4599 φυλακὴ
651 4528 732 4594 9899
769 4527 832 4599 ῆσαν

226 4616 270 4669 δ”υο
290 4617 360 4683 (filii)
379 4617 408 4668 ἰκ
427 4620 472 4686 τῆς
485 4621 595 4686 γαμετῆς
609 4617 669 4681 909
699 4616 729 4669 τδ
748 4617 831 4669 ἔλαιον

226 4705 255 4756 ἰκ
278 4708 323 4756 τοῦ
343 4704 473 4773 κτηματος
487 4744 493 4757 .
509 4745 514 4755 .
531 4705 602 4758 ,έστί
624 4709 658 4777 τῆ
676 4706 747 4758 πόλει
766 4706 830 4771 71,8
863 4747 865 4750 ⁴

226 4792 289 4864 ἦσαν
304 4779 358 4846 έκδ
369 4791 456 4862 φυλῶν
468 4792 568 4844 δώδεκα
577 4795 689 4864 τριττὺες
699 4793 775 4858 9497
807 4795 831 4846 οἰ

226 4883 272 4952 πρὸ
290 4880 382 4935 το·ἰτου
399 4882 490 4939 πάντες
513 4880 540 4942 ἐξ
559 4882 655 4938 ἰππέων
680 4883 847 4939 καίπεντα»

1389 312 1400 364 Ι
1431 310 1566 365 INDEX

954 482 1154 552 κοσιομιδίμνων
1173 483 1237 552 ῆσαν
1261 482 1341 547 9997
1379 485 1411 536 τά
1429 485 1514 556 χωρία
1537 484 1564 536 ἰν

954 570 990 629 εἰς
1012 570 1038 623 αἰ
1061 572 1144 639 μορίαι
1167 570 1227 624 είσίν
1249 571 1315 636 71,3
1351 579 1405 625 τῶν
1429 574 1513 644 ἱερῶν,
1537 574 1564 627 έν

954 658 989 715 οἰς
1007 659 1039 710 τά
1058 655 1172 729 χρηματ’
1187 659 1253 713 ἰστιν
1265 659 1326 724 48,3
1357 666 1410 713 τῶν
1422 660 1562 731 γνωρίμων

954 746 977 798 οἰ
996 746 1021 797 ἰν
1041 752 1094 803 ταῖς
1106 746 1236 817 ἑταιρείαις
1255 745 1325 805 ὄντες
1344 746 1405 812 379
1436 748 1465 802 τδ
1485 753 1564 819 κῦρος

953 833 967 885 δ
990 833 1022 904 ῆν
1046 834 1071 886 έν
1096 842 1148 892 τοῖς
1166 834 1294 893 δικασταῖς
1316 835 1380 902 389
1418 835 1444 887 ἐν
1462 833 1564 895 τούτοις

954 920 990 973 ὢν
1009 921 1124 982 ἐξέπεσεν
1147 921 1197 974 δπδ
1217 918 1377 991 Κλεομένους
1395 921 1478 987 9199
1515 920 1560 992 ἐρ’

952 1007 982 1061 οὗ
1007 1009 1038 1061 τὰ
1061 1007 1132 1074 τόμι’
1144 1008 1211 1062 ἰστίν
1230 1008 1308 1076 6993
1344 1009 1502 1069 ἀπελθόντας
1520 1012 1562 1064 ἰπί

950 1103 1003 1149 τῶν
1026 1095 1096 1150 ἰδίων
1120 1096 1182 1149 εἰναι
1207 1098 1288 1163 1890
1324 1099 1348 1151 οἱ
1366 1098 1494 1167 δανεισμοὶ
1519 1101 1560 1153 έπί

952 1192 1005 1242 τοῖς
1022 1184 1135 1253 σώμασιν
1154 1185 1218 1255 ῆσαν
1237 1185 1300 1248 391
1321 1187 1385 1248 598
1421 1185 1561 1248 διεξελθάν·

951 1291 1002 1325 των
1020 1278 1072 1324 τῶν
1091 1272 1156 1326 δυεῖν
1171 1275 1235 1326 ἐτῶν
1254 1272 1304 1343 ἤδη
1324 1276 1387 1343 μετὰ
1405 1280 1458 1327 τῶν
1472 1274 1560 1327 ἀλλων

951 1359 1011 1413 εἰσίν
1036 1361 1156 1428 (ephebi)
1179 1361 1243 1425 459
1285 1360 1311 1413 αἰ
1333 1360 1377 1415 δ”ιο
1400 1362 1560 1434 (ἐκκλησίαι)

948 1448 1004 1518 περί
1027 1454 1080 1500 τῶν
1103 1447 1188 1501 ἄλλων
1210 1449 1269 1501 εἰσίν
1293 1449 1358 1515 47,9
1394 1450 1440 1503 εἰσί
1465 1453 1559 1521 γραραί

948 1535 1010 1608 πρὸς
1027 1534 1118 1593 αδτοὺς
1137 1536 1197 1597 69,9

983 1625 1013 1677 τὸ
1025 1628 1069 1677 νῦν
1081 1625 1142 1676 εἰναι
1154 1624 1214 1677 adv.
1228 1623 1292 1686 35,6
1323 1625 1367 1678 έάν
1385 1642 1423 1682 τις
1443 1625 1478 1696 μὴ
1493 1625 1557 1698 θέλη

947 1713 1020 1765 κοινὰ
1038 1713 1069 1764 τά
1088 1711 1149 1765 ὄντα
1166 1711 1284 1781 νέμεσθαι
1304 1712 1361 1778 659

891 1801 993 1854 ,εἰπεῖν
1013 1817 1037 1853 ν.
1050 1799 1129 1869 λέγειν

894 1888 1008 1958 εἴργειν
1032 1905 1105 1958 pass.
1128 1892 1192 1953 (τῶν
1215 1890 1341 1957 νομίμων)
1366 1889 1451 1955 6690
1492 1895 1558 1954 (τῶν

948 1973 1032 2046 ἱερῶν)
1052 1975 1112 2042 67,9

894 2064 1012 2135 εἰρήνη.
1044 2064 1145 2135 είρῆνην
1164 2064 1231 2134 ἄγειν
1245 2063 1324 2131 3693
1354 2067 1559 2132 παρασκευάζειν

948 2152 1026 2216 1990
1055 2152 1096 2204 έπί
1109 2154 1186 2223 πέρας
1203 2153 1282 2222 ῆγαγε
1299 2153 1346 2223 τῆν
1359 2153 1461 2224 εἰρήνην
1474 2155 1558 2215 4095

945 2239 1059 2293 ἐκώλυσε
1071 2239 1184 2310 γενέσθαι
1196 2243 1243 2312 τῆν
1257 2241 1357 2311 εἰρήνην
1371 2241 1429 2307 379
1445 2242 1478 2294 ef.
1494 2242 1557 2306 379

946 2329 1010 2395 μετὰ
1028 2329 1074 2398 τῆν
1094 2328 1195 2399 εἰρῆνην
1214 2329 1294 2395 3790

893 2413 1038 2485 εἰρῆσθαι
1059 2432 1081 2466 ν.
1095 2416 1174 2486 λέγειν

893 2504 935 2560 εἰς
954 2504 1001 2556 Ιοσ.
1017 2503 1108 2555 ιίσοδοί
1125 2505 1185 2556 εἰσιν
1204 2505 1239 2562 εἰς
1256 2506 1286 2558 τὸ
1300 2504 1460 2576 δικαστῆριον
1473 2507 1554 2573 7491

944 2593 988 2648 τὰς
1001 2591 1105 2648 ἐκτίσεις
1118 2592 1235 2661 ἀνέφερεν
1254 2593 1290 2651 εἰς
1307 2592 1379 2646 πόλιν
1394 2596 1556 2662 (αετοροίἰιι)

947 2678 1004 2744 109
1023 2679 1054 2730 οἰ.
1069 2678 1147 2743 9390
1159 2680 1228 2746 71,9.
1241 2682 1272 2734 10
1304 2683 1501 2752 καταβαίνοντες
1520 2684 1557 2742 εἰς

944 2766 972 2818 τὸ
1000 2766 1061 2818 ἄστυ
1092 2767 1172 2830 1894
1200 2769 1232 2821 cf.
1250 2768 1332 2832 4097
1361 2769 1444 2833 4499
1468 2770 1555 2836 5599

945 2855 979 2913 εἰς
1006 2855 1052 2924 τῆν
1082 2856 1162 2927 ἀρχὴν
1187 2856 1374 2922 (ανσίιοαιαιιιπι)
1397 2859 1556 2930 εἰσέρχονται

945 2942 1063 3006 63510
1087 2943 1151 3010 64,6
1171 2943 1236 3008 659
1273 2944 1436 3016 προβουλεδει
1454 2948 1491 3005 εἰς
1509 2947 1554 3000 τδν

944 3030 1025 3098 δῆμον
1038 3029 1116 3096 4996
1147 3036 1192 3083 τοῦ
1212 3032 1281 3085 σίτου
1300 3039 1346 3086 τοῦ
1365 3035 1554 3094 καταπλέοντος

944 3120 977 3176 είς
1005 3117 1034 3171 τὸ
1054 3118 1147 3171 σιτικδν
1171 3121 1290 3192 ἰμπδριον
1318 3122 1401 3188 55,ἰί
1447 3123 1554 3196 ἀχετοδς

943 3206 977 3263 εἰς
996 3205 1042 3276 τῆν
1061 3205 1119 3258 ὁδὸν
1137 3207 1228 3278 ἔκρουν
1245 3209 1350 3280 ἔχοντας
1364 3210 1443 3276 5494
1461 3214 1494 3263 εἰ.
1508 3213 1551 3276 54,

946 3295 977 3347 15
1014 3295 1049 3351 εἰς
1071 3293 1101 3346 τὸ
1125 3294 1190 3363 sepes
1209 3295 1331 3348 εἰσελθὼν
1354 3298 1438 3362 6790
1460 3301 1493 3352 cf.
1507 3301 1551 3364 75,

946 3383 985 3435 16.
999 3383 1029 3434 17
1048 3381 1181 3450 76,63(γ(γ.
1218 3385 1337 3454 χρήματα
1356 3386 1372 3438 δ
1391 3386 1550 3441 ἐδανείσαντο

941 3470 975 3527 εἰς
993 3469 1037 3521 τὸν
1056 3469 1167 3538 πόλεμον
1185 3473 1263 3536 4196
1293 3473 1435 3542 δαπανῆσαι
1452 3476 1487 3534 εἰς
1505 3476 1549 3529 τὸν

941 3557 1052 3625 πόλεμον
1075 3558 1157 3623 3398
1194 3559 1229 3618 εἰς
1249 3561 1279 3614 τὸ
1302 3561 1359 3615 δέον
1383 3561 1548 3632 ἀναλίσκηται

941 3646 1024 3710 3498
1047 3647 1079 3697 σί.
1094 3645 1176 3711 6395
1213 3647 1298 3701 δίδωσι
1321 3651 1356 3707 εἰς
1374 3651 1471 3720 τρορῆν
1491 3652 1547 3723 δρα-

939 3735 1009 3804 χμὴν
1027 3735 1127 3803 ὲκάστιρ
1150 3737 1228 3801 4495
1248 3737 1308 3802 649
1345 3740 1404 3796 τοὺς
1422 3743 1547 3811 χορηγοὺς

938 3823 996 3880 τοὺς
1009 3824 1187 3892 ένηνεγμένους
1201 3823 1249 3876 δπδ
1268 3831 1321 3877 τῶν
1334 3825 1423 3893 φυλῶν
1442 3828 1478 3885 εἰς
1490 3826 1544 3881 Διο-

939 3910 1008 3962 νύσια
1022 3913 1078 3963 sim.
1094 3910 1153 3974 63,9
1164 3927 1221 3980 sqq.
1235 3912 1267 3965 cf.
1281 3912 1341 3979 619
1355 3913 1423 3978 738,
1433 3915 1464 3968 15
1490 3933 1544 3969 συν-

938 3997 1018 4051 τελεῖν
1031 4000 1066 4057 εἰς
1079 3998 1107 4051 τὸ
1120 3999 1281 4072 συμμαχικόν
1294 4002 1373 4065 4098
1394 4002 1430 4061 εἰς
1441 4004 1504 4058 αὐτὸ
1517 4005 1544 4057 τδ

937 4093 1040 4156 πρᾶγμα
1053 4085 1132 4158 λέγειν
1145 4089 1223 4151 7895
1260 4085 1321 4158 η’δον
1334 4090 1369 4147 εἰς
1381 4096 1471 4145 τοῦτον
1485 4093 1544 4158 9493

938 4176 981 4241 (τί.
991 4176 1130 4240 9995ιί5.)
1145 4175 1286 4246 ἐνεβίβασεν
1297 4178 1385 4236 εἰςτὰς
1395 4184 1456 4237 ναῦς
1466 4181 1540 4248 97,ἰί

937 4260 1036 4333 πατρίδ’
1051 4264 1085 4321 εἰς
1104 4262 1235 4317 θείκτιταν
1253 4265 1379 4335 ἀνήγαγον
1392 4265 1453 4320 Solo
1469 4268 1543 4335 1390

936 4351 1078 4421 ἀποδημίαν
1103 4353 1238 4421 έποιῆσατο
1261 4353 1295 4410 εἰς
1309 4352 1435 4422 Αἴγυπτον
1463 4358 1542 4416 1190

937 4439 1054 4508 ἐμβαλεῖν
1072 4441 1158 4508 (intr.)
1178 4440 1278 4510 ε1ςτῆν
1297 4440 1390 4511 ἀγοράν
1410 4443 1470 4509 67,9
1502 4448 1541 4508 (τά

937 4531 1038 4581 πινάκια
1057 4529 1092 4586 είς
1109 4527 1138 4580 τδ
1157 4527 1288 4597 κιβώτιον)
1307 4528 1385 4593 7493
1405 4530 1465 4598 75,5
1485 4533 1541 4601 789

937 4617 1019 4683 8195
1060 4618 1094 4675 εἰς
1122 4618 1151 4675 ἀς
1178 4616 1207 4668 τὸ
1231 4615 1300 4688 ὕδωρ
1323 4617 1437 4688 ἐγχέουσι
1461 4621 1540 4686 7897

937 4706 1057 4774 ἀμρορεῐς
1084 4705 1118 4762 είς
1141 4704 1184 4762 οδς
1206 4706 1357 4775 ψηφίζονται
1380 4707 1405 4760 οἰ
1427 4707 1541 4762 δικασταί

936 4793 1001 4858 81,5
1045 4791 1174 4864 παρῆλθεν
1196 4794 1230 4851 εἰς
1253 4795 1311 4852 τοὺς
1334 4797 1390 4865 περὶ
1414 4793 1539 4870 Πάγγαιον

935 4881 1029 4939 τόπους
1050 4882 1129 4948 1793
1167 4880 1292 4952 συνῆλθον
1312 4883 1348 4941 εἰς
1369 4883 1539 4961 τδθερμρθε-
1565 4927 1570 4937 .
