3510 5610
191 296 410 358 νοαοοιιινιι
1246 301 1409 371 ἐπιστατεῖν
1497 304 1559 373 115

243 477 323 549 δῆμος
341 483 479 552 χειροτονεῖ
496 474 669 549 σωφρονιστὴν
692 472 731 530 ἐπὶ
754 479 849 537 πάντας
902 477 1078 548 ἐπίκληρος.
1109 478 1165 548 περί
1178 477 1274 551 κλήρου
1291 480 1335 535 καί
1347 468 1485 551 ἐπίκλήρου
1498 479 1559 544 455

244 567 384 636 (ephebos)
396 567 472 632 44,11
507 567 530 618 οί
549 568 589 620 ἐπί
608 566 636 619 τὸ
649 564 774 636 θεωρικόν
787 567 848 631 45,9
954 566 1092 636 ἐπικλήρου
1115 568 1257 625 κακώσεως
1282 567 1346 632 64,8
1387 568 1491 641 κλήρων
1516 569 1560 621 καί

244 656 308 721 503
350 655 530 727 ἀρχιτέκτονας
553 655 594 708 ἐπί
616 654 661 712 τός
683 658 743 713 ναῦς
765 654 849 721 4933
955 652 1101 725 ἐπικλήρων
1127 654 1190 720 11,3
1210 656 1275 723 473
1295 655 1359 722 653
1378 656 1443 723 693
1479 658 1559 723 (σοιτί.

244 742 366 814 κληροῶσι
394 744 434 797 ἐπί
460 745 518 800 τοὺς
541 743 633 810 νόμους
656 742 740 814 ἐτερον
767 742 850 806 60,14
955 749 1008 796 τῶν
1028 742 1156 814 ὀρφανῶν)
1175 743 1271 811 65,4.6

244 834 304 890 τοὺς
328 832 368 885 ἐπί
390 833 422 884 ταὶ
440 828 573 899 ἐκθόματα
592 829 764 898 καλουμένους
784 827 851 895 61,3
903 831 1094 901 ἐπικληροῦν
1113 833 1168 895 (τὰς
1186 831 1290 897 διαίτας)
1304 831 1364 899 59,6
1395 832 1460 900 (ταῖς
1473 832 1561 905 ἀρχαῖς

245 920 384 974 archontes
397 920 437 972 ἐπὶ
449 920 509 976 τοὺς
518 917 629 981 ὁπλίτας,
642 918 683 971 ἐπὶ
696 918 742 987 τήν
756 918 851 991 χῶραν,
955 919 987 971 τό
1000 919 1148 991 δικαστήρια
1160 922 1192 972 τά
1206 919 1255 972 ίόια
1267 921 1355 973 καὶτὰ
1368 920 1487 991 δημόσια)
1501 920 1560 986 70,6

246 1010 286 1061 ἐπὶ
309 1008 353 1063 τδν
374 1005 501 1080 Πειραιέα,
525 1007 565 1059 ἐπὶ
583 1008 633 1073 (τὰς
652 1007 790 1079 συμμορίας
808 1008 851 1070 71,
956 1009 998 1072 (τά
1009 1010 1144 1078 γράμματα
1164 1007 1179 1060 δ
1198 1008 1235 1062 δεῖ
1246 1006 1492 1080 προπαρατίθεσθαι
1509 1015 1562 1066 τοῖς

248 1098 279 1149 18
289 1112 346 1164 sqq.
384 1097 428 1149 ἐνα
450 1096 496 1163 μὲν
514 1095 555 1147 ἐπί
578 1093 607 1147 τό
626 1092 708 1165 ὕδωρ,
731 1096 852 1165 τέτταρας
958 1094 1134 1166 δικαστηρίοις)
1153 1097 1232 1160 74,19

244 1183 271 1237 δέ
290 1184 381 1243 ἄλλους
399 1186 440 1238 ἐπὶ
458 1184 503 1242 τοῖς
521 1182 622 1254 ψήφους
640 1183 701 1249 78,5
713 1199 771 1253 sqq.
790 1183 851 1250 793
903 1183 1085 1252 ἐπικρατεῖν
1104 1185 1154 1253 (τῷ
1171 1183 1286 1254 πολέμῳ)
1305 1185 1365 1250 40,9

245 1272 324 1335 80,10
334 1289 392 1341 sqq.
412 1271 472 1338 823
904 1272 1081 1341 ἐπικυροῦν.
1113 1271 1324 1344 ἐπικυρωθέντων
1336 1272 1435 1327 τοίιτων
1448 1271 1497 1326 5πό
1516 1275 1561 1325 τοῦ

281 1361 449 1414 distributive
468 1361 494 1412 ἐν
513 1359 553 1412 ἐπί
571 1359 601 1413 τό
614 1360 775 1431 δικαστήριον
793 1359 850 1414 ἐκα-
956 1358 1069 1431 πλήθους
1088 1359 1167 1422 3518
1203 1364 1266 1426 (τῶν
1285 1362 1382 1430 νόμων)
1400 1361 1479 1428 39,ίό

246 1464 305 1502 στον
332 1449 396 1514 773
442 1449 605 1518 νενεμημένοι
633 1448 674 1520 ἐφ’
694 1449 800 1501 ἕκαστον
828 1447 851 1501 οί
903 1447 1098 1521 ἐπικίιρωσις
1116 1451 1173 1519 (τῆς
1190 1449 1355 1520 χειροτονίας)
1374 1449 1453 1515 43,15

246 1536 361 1590 δικασταί
379 1536 437 1604 78‚1
904 1536 1126 1607 ἐπιλαμβάνειν
1145 1536 1198 1601 (τόν
1216 1535 1347 1604 αόλίσκον)
1365 1537 1462 1600 7935

193 1624 374 1695 ἐπιβάλλειν
398 1624 500 1696 (τροχόν
528 1625 568 1677 ἐπί
590 1625 637 1696 τήν
660 1623 763 1694 γνάθον)
787 1624 851 1690 533
904 1625 1075 1679 ἐπιλείπειν
1099 1641 1169 1693 pass.
1187 1625 1263 1688 defici
1284 1627 1329 1696 (τῇ
1347 1625 1459 1693 δυνάμει)
1478 1623 1522 1690 23,
1532 1623 1563 1678 13

247 1712 391 1783 (ἐπιβολήν)
410 1713 470 1778 703
501 1713 584 1768 absol.
599 1717 782 1781 (ααροοιιαιιι,
801 1721 853 1771 τοῖς
958 1713 1003 1786 (τη
1021 1712 1104 1784 οόοίρ)
1123 1712 1205 1781 3036
1241 1713 1374 1793 δοκοῦντες
1392 1711 1494 1770 οδδενός
1512 1713 1564 1766 ἐπι-

247 1801 384 1865 ἀδικοῦσιν)
404 1801 463 1861 (15.5
957 1800 1086 1855 λείπεσθαι
1104 1808 1156 1855 τῶν
1175 1801 1287 1855 πολιτῶν
1306 1801 1385 1866 37‚10

194 1888 327 1959 ἐπιβολὴ
347 1892 422 1942 multa
441 1889 502 1956 723
906 1887 1075 1959 ἐπιλήθειν.
1112 1890 1181 1943 ιιιοιί.
1198 1885 1259 1958 μηδ’
1276 1887 1399 1960 ἐπιλήθου
1422 1889 1487 1943 scol.
1502 1889 1563 1957 2451

194 1977 377 2048 ἐπιγράφειν
408 1979 466 2048 (τήν
497 1978 631 2048 πρόφασιν)
665 1977 726 2040 103
776 1977 853 2030 εέκὼν
906 1977 1076 2037 ἐπίλοιπος.
1107 1976 1166 2048 ἦρξε
1179 1978 1237 2036 τοὺς
1249 1976 1392 2034 ἐπιλοίπους
1409 1976 1471 2031 δέκα
1483 1981 1566 2048 μῆνας

248 2064 353 2136 Διφίλου
367 2062 624 2136 ἐφ’ᾗέπιγέγραπται
636 2065 695 2119 τάδε
708 2065 768 2130 012
799 2065 853 2118 ἐπε·
959 2066 1019 2130 365

248 2155 374 2224 γράφοντα
393 2153 478 2212 αὐτοῖς
500 2158 563 2219 (τοῖς
581 2154 769 2226 γραμματείοις)
789 2152 854 2217 593
907 2153 1071 2222 ἐπιμέλεια
1091 2154 1272 2224 νααρίειταιιικαι
1285 2154 1417 2224 provincia
1436 2154 1503 2222 253
1522 2155 1565 2221 29,

249 2242 423 2311 ἐπιγέγραπται
443 2238 485 2295 ἐπ’
500 2242 585 2294 αότῶν
603 2245 635 2295 τά
654 2249 764 2317 στοιχεῖα
776 2241 854 2306 74:22
964 2240 994 2295 13
1013 2242 1092 2305 40,19

250 2331 282 2383 σί.
301 2331 362 2393 ’153
411 2337 462 2390 τοῖς
489 2329 657 2401 δικαστηρίοις
684 2337 778 2401 χρῶμα
806 2330 857 2382 ἐπι·
909 2328 1126 2396 ἐπιμελεῖσθαι
1153 2330 1217 2396 (τῶν
1242 2329 1350 2395 ἱππέων)
1378 2331 1459 2395 72,11
1506 2334 1566 2394 (τῶν

249 2419 386 2490 γέγραπται
404 2417 465 2484 76,ss
502 2419 576 2489 κίνβοι
594 2417 688 2488 χαλκοῖ
707 2421 732 2471 ἐν
752 2418 787 2476 οίς
807 2420 857 2470 ἐπι·
962 2417 1092 2489 ὀρφανῶν)
1109 2417 1204 2482 65,3.9
1235 2423 1297 2483 (τῶν
1315 2420 1417 2482 κοινῶν)
1438 2418 1522 2485 18,19.
1533 2419 1568 2472 20

251 2507 387 2575 γέγραπται
399 2507 431 2557 τά
444 2507 569 2578 χρώματα
583 2507 660 2573 77,12
674 2508 705 2560 τί.
719 2507 797 2570 77,14
827 2504 856 2558 τό
961 2511 1024 2570 (τῶν
1041 2505 1125 2559 σίλλων
1138 2507 1250 2569 πάντων)
1263 2507 1341 2573 44,19
1373 2506 1429 2576 (τῆς
1441 2506 1567 2576 φυλακῆς)

251 2595 365 2645 πινάκιον
379 2592 489 2658 πίιξινον,
508 2595 720 2665 ἐπιγεγραμμένον
733 2594 763 2647 τό
776 2593 859 2663 ὀνομα

251 2681 330 2748 14,Ιὸ
349 2682 406 2747 75,1
447 2682 474 2735 τὸ
493 2683 615 2746 κιβώτιον
634 2680 697 2735 όπου
716 2682 746 2735 δν
768 2677 785 2756 v}
806 2683 856 2734 ἐπι·

253 2772 423 2840 γεγραμμένον
442 2769 471 2823 τὸ
483 2769 546 2823 αότό
559 2778 681 2843 στοιχεῖον
700 2770 760 2842 όπερ
779 2773 805 2824 έν
823 2773 857 2841 τη

254 2858 356 2928 βαλάνιμ
375 2860 454 2925 75‚16
492 2859 559 2911 med.
574 2859 694 2928 (τίμημα)
714 2859 774 2920 523

201 2946 417 2999 ἐπιδεικνόναι
435 2947 502 3011 (τινὰ
520 2946 589 3015 δῶρα
608 2946 727 3016 λαβόντα)
747 2948 806 3012 60,4

961 2596 1037 2660 7131
1070 2599 1127 2664 (τῆς
1139 2593 1285 2662 είικοσμίας)
1299 2595 1359 2660 483
1388 2597 1451 2663 (τῶν
1464 2614 1568 2665 πεποιη·

961 2684 1046 2750 μένων
1064 2683 1173 2753 τριήρων
1197 2684 1240 2736 καί
1263 2689 1316 2736 τῶν
1335 2691 1434 2737 σκευῶν
1453 2686 1566 2737 καὶτῶν

961 2771 1117 2835 νεωσοίκων)
1135 2770 1219 2835 4930
1255 2772 1318 2839 (τῶν
1337 2771 1362 2824 ἐν
1380 2775 1418 2842 τιγῖ
1436 2771 1566 2842 δεσμωτη-

962 2859 1017 2927 ρίῳ)
1029 2858 1106 2921 55,13
1134 2862 1264 2926 (πομπῶν)
1275 2859 1353 2925 0333
1364 2860 1424 2924 643
1451 2860 1567 2931 (ἑορτῶν)

963 2946 1027 3010 04,4
1070 2946 1236 3018 (μυστηρίων)
1261 2947 1344 3012 6530
1380 2948 1444 3015 (τῶν
1468 2950 1567 3020 μέτριον

200 3035 366 3105 ἐπιδημεῖν
385 3035 479 3099 41,5.ί

200 3123 422 3192 ἐπιδιανέμειν.
450 3122 671 3194 ἐπιδιενεμήθησαν
685 3125 710 3176 αἱ
723 3131 787 3197 τρεῖς
799 3132 859 3192 μναῖ

253 3215 290 3280 τῷ
309 3217 413 3281 στατῆρι
435 3212 510 3276 1135

201 3299 376 3354 ἐπιδιδόναι
404 3301 465 3352 intr.
483 3298 557 3363 (πολὺ
585 3300 645 3370 πρὸς
664 3300 787 3371 ὠμότητα
816 3301 859 3354 καί

253 3390 385 3458 πονηρίαν)
405 3388 484 3452 39,18

200 3477 379 3531 ἐπιδικασία
390 3476 468 3544 (plur.
476 3475 580 3546 κλήρων
588 3479 630 3529 καί
638 3475 793 3547 ἐπικλήρων)
801 3475 861 3543 65,3

202 3566 344 3635 ἐπιεικής
358 3565 424 3632 plur.
437 3565 490 3629 (καλ
502 3569 548 3616 τοῦ
561 3564 643 3632 δήμου
662 3567 705 3617 καὶ
723 3570 776 3616 τῶν
789 3564 861 3618 είιπό·
966 3562 980 3616 δ
999 3564 1024 3615 ἐν
1037 3564 1116 3632 ἀγορᾷ
1129 3569 1195 3621 σῖτος
1208 3563 1283 3634 ἀργός
1297 3564 1372 3622 ι’ίινιος
1384 3563 1452 3617 ἔσται
1465 3563 1570 3622 δικαίως

254 3656 317 3725 ρων)
338 3653 413 3717 0031
453 3655 524 3721 (opp.
538 3652 562 3703 οί
579 3653 711 3723 τυχόντες)
730 3653 806 3716 3031
829 3653 861 3706 σί.
966 3650 1033 3717 κτλ.)
1052 3651 1113 3718 55,5

254 3741 345 3807 31,3.4
372 3742 397 3794 οί
411 3743 526 3797 ἐπιεικεῖς
539 3739 671 3810 τρισχίλιοι
684 3740 762 3805 3833
790 3741 858 3792 συνέ·
911 3739 1064 3810 ἐπιμελής
1083 3740 1142 3792 adv.
1156 3740 1281 3809 ἐπιμελῶς
1299 3739 1376 3807 3031
1436 3730 1437 3733 ¹

254 3846 312 3882 πεσε
336 3825 398 3899 μηδ’
412 3829 525 3898 ἡγεμόνα
544 3828 609 3900 ἔχειν
633 3831 691 3887 τοὺς
711 3829 858 3883 ἐπιεικεστέ-
913 3826 1103 3899 ἐπιμελητής
1134 3832 1197 3892 (τῶν
1225 3832 1338 3899 κρηνῶν)
1370 3829 1455 3893 45,10
1501 3830 1569 3899 plur.

256 3936 314 3988 ρους
332 3918 410 3981 20,ίὸ
965 3916 1107 3986 (ἐμπορίου)
1114 3917 1193 3984 55,10
1211 3916 1366 3981 (Διονυσίων)
1374 3916 1451 3983 0334
1465 3919 1571 3988 (μυστη-

186 4006 410 4076 ’ἐπιζημίωσις
428 4006 495 4074 plur.
512 4005 592 4070 (coni.
607 4003 785 4074 καταγνώσεις)
799 4003 861 4069 49,5
917 4007 920 4011 ’
965 4003 1036 4074 ρίων)
1055 4004 1134 4070 05,10
1153 4006 1212 4069 604
1249 4005 1321 4070 (δέκα
1340 4023 1363 4058 ο.
1376 4005 1438 4068 411)
1456 4005 1517 4070 343

205 4094 348 4152 ίπίθετος
368 4112 390 4145 ν.
405 4091 540 4146 ἐπιτιθέναι
914 4094 1047 4146 ἐπινοεῖν
1066 4091 1191 4155 (ἐξοικεῖν)
1209 4091 1289 4157 4l,18

202 4182 338 4254 ἐπίθημα
357 4181 562 4253 (διερρινημένον)
582 4181 642 4248 sm
914 4180 1130 4243 ἐπισκευάζειν
1142 4181 1183 4246 (τά
1193 4180 1300 4248 μάλιστα
1310 4181 1414 4249 δεόμενα
1424 4188 1477 4234 τῶν
1488 4183 1571 4255 ίερῶν)

203 4271 370 4340 ἐπιθυμεῖν
384 4273 446 4335 (τῶν
466 4275 569 4334 κοινῶν,
589 4286 652 4338 opp.
665 4269 805 4341 σχολάζειν)
822 4267 862 4332 18,
967 4269 1027 4334 543
1064 4269 1118 4335 (τός
1137 4267 1219 4332 ὀδοός)
1238 4267 1315 4334 51117

259 4361 291 4412 10
327 4358 490 4428 (ὀλιγαρχίας)
508 4358 588 4425 37,10
915 4356 1142 4426 ἐπισκευαστής
1162 4356 1230 4425 plur.
1244 4357 1340 4427 (ἱερῶν)
1358 4355 1418 4423 54,0

203 4445 391 4503 ἐπικαθιστοί
397 4464 454 4498 ναι.
491 4446 553 4498 intr.
567 4446 716 4515 ἐπικατέστη
737 4443 861 4514 πολεμαρ-
913 4445 1119 4515 ἐπισκήπτειν
1134 4446 1202 4498 med.
1212 4444 1278 4510 (ταῖς
1291 4444 1445 4515 μαρτυρίαις)
1458 4446 1526 4512 81,9.
1540 4447 1572 4500 10

255 4537 300 4606 χία
319 4536 360 4599 4,’ί
913 4533 1097 4587 ἐπισκοπεῖν
1115 4534 1170 4586 abs.
1187 4533 1263 4599 1834

204 4623 363 4678 ἐπικαλεῖν
375 4622 440 4675 med.
451 4621 504 4684 (τὸν
516 4619 674 4691 Κλεομένην)
685 4620 764 4682 0313
789 4636 860 4689 ροσε.
914 4621 1086 4679 ἐπίσκοπος
1105 4624 1160 4691 (τῆς
1178 4619 1314 4688 πολιτείας)
1336 4623 1395 4685 10,4

257 4712 270 4765 δ
291 4712 403 4783 βασιλεὺς
421 4709 618 4779 ἐπικαλοόμενος
637 4709 716 4773 43,ίῖ
913 4709 1090 4763 ἐπιστατεῖν
1102 4709 1179 4776 48,11
1211 4713 1257 4778 της
1276 4707 1302 4769 ἐξ
1310 4705 1407 4778 Ἀρείου
1420 4710 1500 4779 πάγου
1514 4711 1573 4780 βου·

205 4796 491 4872 ἐπικηρυκεύεσθαι
515 4801 598 4865 ίαραια
621 4797 692 4869 (πρὸς
715 4795 758 4849 τὸν
779 4795 860 4851 Πεισί·
965 4797 1010 4868 λης
1029 4796 1209 4868 ἐπιστατοόσης
1220 4796 1279 4861 43,1
1313 4795 1387 4856 οὗτος
1404 4797 1500 4862 (στίλό
1519 4799 1572 4852 ἐπι-

258 4886 374 4957 στρατον)
396 4887 471 4952 17,10
965 4887 1058 4956 στάτης
1071 4892 1121 4939 τῶν
1131 4885 1287 4958 πρυτάνεων)
1298 4885 1424 4940 ἐπιστατεῖ
1436 4885 1516 4940 νίνκτα
1529 4887 1574 4938 καί

1335 4969 1371 5024 ⁸.

963 3035 1006 3087 καί
1035 3040 1088 3086 τῶν
1119 3033 1240 3104 σταθμῶν
1272 3033 1341 3094 ὅπως
1372 3036 1396 3089 οἱ
1423 3036 1568 3095 πωλοῦντες

963 3123 1099 3194 χρήσονται
1109 3121 1222 3188 δικαίοις)
1233 3125 1290 3187 55,1
1321 3127 1384 3188 (τῶν
1403 3124 1488 3178 ὠνίων
1507 3126 1568 3177 ποίν-

964 3228 1016 3262 των
1029 3208 1099 3268 ὀπως
1112 3209 1212 3284 καθαροί
1226 3213 1269 3264 καί
1278 3209 1404 3282 ἀκίβδηλα
1414 3212 1569 3283 πωλήσεται)

965 3299 1044 3363 54,18
1072 3301 1155 3353 absol.
1166 3300 1232 3366 (scil.
1244 3304 1288 3353 τοῦ
1300 3301 1377 3371 Ιιεροῦ)
1387 3300 1466 3364 4035
1488 3298 1569 3367 (ὀπως

965 3394 1016 3439 τῶν
1039 3386 1203 3457 κοπρολόγων
1226 3387 1312 3456 μηδείς
1335 3387 1405 3446 ἐντδς
1430 3391 1439 3440 ἰ
1461 3387 1569 3440 σταδίων

965 3480 1009 3527 τοῦ
1020 3475 1117 3545 τείχους
1126 3475 1267 3545 καταβαλεῖ
1275 3476 1382 3545 κόπρον)
1392 3474 1470 3538 54,13
1489 3473 1570 3543 (ὀπως
