3510 5610
195 321 238 385 60
416 322 641 375 ARISTOTELIS
662 322 726 376 RES
746 321 896 375 PUBLICA
917 322 1178 375 ATHENIENSIUM
1197 321 1339 375 L1V2-4

248 493 342 577 ἀρχάς
365 495 535 579 άρξήαντήας
556 495 640 579 λόγον
664 497 843 577 ἀπενεγκεῖν.
889 495 968 559 οὗτοι
990 497 1044 579 γάρ
1068 497 1123 558 εἰσι
1146 495 1228 578 μόνοι
1251 494 1305 580 (oi)
1326 500 1387 565 τοῖς
1404 496 1491 558 ὑπευ·
1504 504 1564 570 p.‘27

249 597 346 668 θύνοις
369 598 548 681 λογιζόμενοι
569 601 616 663 καὶ
639 598 691 667 τάς
713 599 837 668 εὐθύνας
860 601 900 667 εἰς
921 600 953 662 τδ
974 600 1157 682 δικαστήριον
1178 599 1349 680 εἰσάγοντες.
1380 597 1434 661 κάν
1458 599 1512 679 μέν

247 724 309 764 τινα
341 697 488 766 κλέπτοντ’
517 702 694 785 ἐξελέγξωσι,
725 703 836 785 κλοπὴν
870 704 897 765 οἱ
931 704 1062 766 δικασταὶ
1097 704 1364 785 καταγιγνώσκουσι
1395 704 1444 765 καλ
1477 703 1510 764 τδ

247 805 378 885 γνωσθὲν
402 806 566 868 ἀποτίνεται
589 808 764 869 δεκαπλοῦν·
793 805 843 868 έάν
867 805 900 869 δέ
922 829 985 868 τινα
1007 808 1089 890 δώροι
1111 805 1236 890 λαβόντα
1260 804 1438 872 ἑπιδείξωσιν
1462 808 1511 869 καὶ

212 927 227 974 υ
248 913 426 990 καταγνῶσιν
450 910 477 971 οἱ
500 910 640 984 δικασταί,
664 912 767 993 δώρων
784 915 916 991 τιμῶσιν,
939 910 1104 972 ἀποτίνεται
1120 911 1152 971 δὲ
1167 910 1215 971 καὶ
1231 913 1315 971 τοῦτο
1331 911 1510 972 δεκαπλοῦν·

248 1010 282 1074 ἀν
305 1010 325 1074 δ’
347 1012 456 1076 ἀδικεῖν
478 1018 669 1094 καταγνῶσιν,
693 1013 804 1076 ἀδικίου
828 1017 958 1095 τιμῶσιν,
983 1013 1146 1076 ἀποτίνεται
1169 1013 1201 1074 δὲ
1224 1010 1303 1075 τοῦθ’
1325 1013 1436 1075 ἁπλοῦν
1458 1012 1511 1074 ἐὰν

247 1116 304 1198 πρδ
327 1121 379 1197 της
401 1102 605 1200 θπρυτανείας
628 1116 745 1198 ἐκτείση
768 1139 819 1191 τις,
843 1116 869 1178 εἰ
892 1118 924 1180 δὲ
948 1118 999 1200 μή,
1023 1118 1183 1180 διπλοῡται.
1225 1117 1257 1177 τὸ
1273 1112 1331 1199 (δὲ>
1346 1117 1511 1179 δεκαπλοῦν

248 1218 282 1281 οὐ
306 1221 465 1284 διπλοῦται.

334 1325 474 1407 κληροῦσι
497 1324 529 1385 δὲ
552 1323 600 1386 καὶ
622 1321 827 1405 γραμματέα
848 1322 898 1384 τὸν
914 1322 987 1384 κατά
1004 1321 1175 1406 πρυτανείαν
1190 1321 1379 1404 καλούμενον,
1403 1320 1435 1390 δς
1450 1327 1510 1384 τῶν
1549 1330 1565 1385 3

198 1445 228 1492 ιο
246 1428 425 1508 γραμμάτων
449 1426 509 1489 ἐστὶ
532 1427 629 1510 κύριος
651 1427 699 1489 καὶ
722 1427 757 1488 τά
773 1425 946 1510 ψηφίσματα
960 1425 996 1488 τὰ
1011 1426 1166 1507 γιγνόμενα
1182 1427 1330 1510 φυλάττει,
1353 1426 1401 1488 καὶ
1416 1424 1511 1490 τᾶλλα

247 1532 341 1593 πάντα
368 1530 571 1615 ἀντιγράφεται
597 1533 645 1594 καὶ
673 1531 878 1615 παρακάθηται
901 1535 937 1614 τῇ
963 1531 1068 1615 βουλή.
1112 1529 1251 1613 πρότερον
1276 1529 1327 1610 μὲν
1350 1526 1401 1590 οὖν
1424 1528 1510 1598 οὖτος

248 1633 283 1718 ᾖν
306 1635 520 1717 χειροτονητάς,
543 1637 590 1698 καὶ
612 1635 679 1704 τοὺς
703 1635 904 1704 ἐνδοξοτάτους
919 1635 967 1698 καὶ
983 1635 1173 1702 πιστοτάτους
1189 1631 1434 1718 ἐχήει]ροτο’νυυν·
1460 1635 1510 1698 καὶ

248 1736 302 1820 γάρ
329 1736 360 1798 ἐν
384 1742 446 1805 ταῖς
473 1738 591 1820 στήλαις
615 1739 686 1821 πρὸς
709 1743 770 1806 ταῖς
794 1737 974 1822 συμμαχίαις
996 1739 1044 1800 καὶ
1067 1736 1258 1820 προίενίήαι]ς
1280 1739 1328 1800 καὶ
1351 1738 1510 1806 πολιτείαις

247 1838 330 1907 οὗτος
353 1841 561 1925 ἀναγράφεται·
586 1845 634 1903 νῦν
658 1842 689 1904 δὲ
711 1841 811 1924 γέγονε
834 1839 993 1925 κληρωτάς.
1082 1842 1221 1923 κληροῦσι
1244 1842 1276 1902 δὲ
1298 1841 1346 1903 καὶ
1369 1838 1418 1902 ἐπὶ
1439 1839 1509 1909 τοὺς
1548 1849 1566 1904 4

195 1963 225 2009 15
245 1941 351 2023 νόμους
386 1944 483 2027 ἕτερον
517 1943 549 2012 θς
582 1945 790 2029 παρακάθηται
824 1949 860 2027 τῇ
896 1945 999 2028 βουλῇ,
1034 1944 1081 2006 καὶ
1113 1943 1316 2027 ἀντιγράφεται
1343 1943 1392 2006 καὶ
1419 1941 1506 2012 οὖτος

196 2151 208 2202 1
229 2147 378 2220 μανοιήτοις
398 2150 426 2214 L,
450 2150 473 2203 αἱ
492 2151 551 2203 add.
572 2151 598 2203 J.
611 2151 641 2203 B.
655 2154 758 2219 Mayor;
782 2152 841 2205 εἰσιν
861 2152 885 2204 οἱ
904 2151 976 2219 μόνοι
995 2150 1034 2214 ΒΙ,
1057 2149 1141 2202 K·W³
1294 2148 1311 2202 3
1334 2166 1568 2220 καταγινωισκουσι

194 2237 237 2300 L*,
256 2256 264 2290 ι
283 2242 342 2306 post
361 2257 383 2290 ω
403 2238 453 2291 del.
473 2236 514 2304 δέ,
534 2245 631 2306 puncto
650 2241 817 2308 superposito
961 2238 1064 2307 Ἰτίης)
1084 2238 1150 2290 male
1169 2239 1295 2306 seriptum
1315 2254 1393 2291 rescr.
1413 2239 1446 2290 L⁴

195 2341 293 2397 εκτισηι
312 2325 331 2377 L
446 2325 478 2379 10
495 2345 651 2396 γραμμάτων
671 2328 762 2395 Ham„
781 2327 847 2380 Poll.
854 2345 861 2390 3
881 2329 976 2390 ·τεω(ν)
992 2326 1019 2377 L.
1045 2332 1105 2394 post
1122 2344 1170 2395 γρ,
1188 2321 1213 2377 τ’
1235 2327 1294 2379 add.
1308 2327 1387 2396 Ηυτρ.
1407 2330 1474 2391 (exc.
1490 2329 1567 2381 MSS.

195 2414 259 2480 BC),
278 2431 355 2482 quem
375 2422 522 2483 sequuntur
540 2415 582 2479 Bl,
601 2416 696 2478 K-W³;
720 2417 767 2468 sed
786 2416 843 2468 illio
860 2430 967 2468 necesse
986 2415 1036 2467 fuit
1055 2433 1082 2466 τε
1101 2417 1217 2467 inserere
1236 2422 1344 2484 propter
1360 2415 1470 2468 formam
1491 2417 1567 2469 locu-

195 2504 276 2557 tionis
295 2505 330 2570 (v.
350 2503 458 2568 testim.)
601 2520 718 2573 γινομενα
737 2503 765 2568 L,
789 2521 910 2572 γενομινα
934 2503 1012 2570 Ηκιρ.
1036 2505 1102 2567 (exc.
1126 2502 1177 2554 MS.
1197 2501 1228 2564 B)
1378 2504 1409 2556 12
1428 2519 1567 2558 απιστατα-

193 2609 251 2650 τους
270 2591 291 2644 L
401 2593 441 2644 11.
464 2592 494 2644 15
514 2609 555 2644 επι
572 2610 670 2650 τουτοις
688 2590 790 2660 ν[ο]μον
809 2608 894 2660 ετεραν
913 2590 946 2654 L;
965 2606 1031 2642 corr.
1051 2605 1083 2642 ex
1102 2590 1167 2641 Poll.

192 2765 289 2825 67220
310 2764 422 2835 λογισταὶ
445 2766 488 2818 καὶ
511 2766 654 2836 συνήγοροιι
675 2763 852 2836 Ἀριστοτέλης
871 2767 896 2818 ἐν
915 2767 947 2834 τῇ
967 2762 1105 2832 Ἀθηναίων
1123 2762 1236 2834 πολιτείᾳ
1258 2761 1329 2816 οὕτω
1348 2762 1414 2833 λέγει
1431 2762 1566 2834 “λογιστα1

192 2852 218 2905 δέ
232 2854 360 2923 αἱροῦνται
377 2853 541 2925 (κληροῦνται
553 2855 641 2921 Blass)
660 2855 721 2907 δέκα
739 2859 797 2925 παρ’
816 2855 852 2912 οές
870 2853 1050 2922 διαλογίζονται
1062 2858 1138 2904 πᾶσαι
1158 2852 1183 2903 αἱ
1200 2853 1275 2922 ἀργαὶ
1293 2853 1325 2904 τά
1343 2871 1369 2905 τε
1383 2852 1507 2922 λήμματα
1521 2859 1565 2908 καὶ

191 2944 235 2999 τάς
257 2944 421 3013 γεγενημένας
440 2942 550 3001 δαπάνας
575 2944 618 2996 καὶ
636 2942 722 3003 ἄλλοις
745 2943 805 2996 δέκα
827 2943 983 3013 συνηγόρσις·
1013 2943 1037 2994 σί
1059 2960 1124 2998 τινες
1147 2940 1353 3010 συνανακρίνουσι
1376 2943 1490 3001 τούτοις·
1521 2946 1565 2998 καὶ

192 3030 215 3081 αἱ
233 3031 278 3087 τάς
301 3028 409 3087 εθθθνας
428 3028 536 3088 διδόντες
555 3032 621 3097 παρὰ
640 3031 737 3089 το·ἰτυις
756 3031 930 3100 ἀνακρίνοντες
950 3037 1060 3101 πρῶτον,
1079 3031 1131 3082 εἶτα
1145 3027 1240 3098 ἐφίεται
1258 3029 1293 3087 εἰς
1304 3029 1334 3082 τδ
1348 3028 1510 3102 δικαστήριον
1530 3034 1565 3091 εἰς

191 3117 235 3168 ἕνα
254 3119 297 3170 καὶ
315 3118 500 3175 πεντακοσίους.

281 3206 296 3257 6
325 3207 449 3271 Ηειτρυετ.
469 3222 490 3258 s.
504 3222 527 3258 ν.
556 3205 667 3258 ἀδικίου;
692 3245 780 3257 .....
804 3206 950 3258 ἀποτίνυται
968 3206 994 3258 δέ
1013 3212 1088 3258 τοῦτο
1107 3204 1209 3269 ἁπλοῦν,
1234 3205 1276 3257 έάν
1300 3204 1348 3277 πρὸ
1366 3192 1450 3275 τῆςθ
1469 3225 1563 3276 πρυτα·

191 3292 256 3349 νείας
279 3292 403 3366 ἀποδοθῇ,
432 3295 453 3346 εἰ
476 3294 502 3346 δέ
527 3294 572 3363 μή,
595 3292 696 3347 διπλοῦν
720 3292 914 3363 καταβάλλεται.
962 3295 1113 3362 (Epitomen
1142 3309 1224 3346 exscr.
1253 3291 1358 3358 Phot.1‚
1388 3293 1472 3357 Suid.,
1496 3295 1561 3348 Lex.

192 3379 298 3432 Bachm.
318 3380 413 3446 341,29
433 3381 528 3447 Bekk.)

281 3469 296 3520 θ
324 3470 450 3537 Harpocr.
470 3486 491 3522 s.
505 3487 528 3522 v.
555 3468 728 3538 γραμματεδςτ
748 3508 836 3521 .....
856 3469 869 3522 δ
889 3471 1050 3541 γραμματεὺς
1068 3475 1123 3526 πῶς
1142 3487 1169 3521 τι
1182 3466 1319 3522 καθίστατο
1339 3470 1382 3522 καὶ
1400 3469 1425 3522 τί
1437 3469 1560 3540 ἔπραττεν

193 3555 229 3614 ὡς
246 3563 299 3608 τών
317 3560 473 3627 γραμμάτων
493 3560 520 3610 τέ
541 3558 592 3610 ἐστι
611 3558 696 3629 κύριος
715 3560 758 3611 καὶ
775 3560 807 3610 τὰ
826 3557 976 3628 ψηφίσματα
995 3559 1026 3609 τά
1039 3559 1156 3625 γινόμενα
1170 3556 1289 3626 φυλάττει
1301 3559 1345 3610 καὶ
1356 3559 1388 3610 τά
1400 3556 1465 3609 ἄλλα
1478 3560 1561 3611 πάντα

192 3645 376 3717 ἀντιγράφεται,
396 3649 438 3699 καὶ
457 3643 637 3716 παρακάθηται
655 3650 687 3715 τῇ
707 3645 795 3715 βουλή,
819 3645 962 3716 δεδήλωκεν
977 3641 1155 3716 Ἀριστοτέλης
1174 3644 1200 3696 έν
1219 3641 1362 3714 Ἀθηναίων
1386 3643 1507 3716 πολιτείᾳ.
1528 3675 1560 3682 -

193 3734 317 3802 Ηπτμοσι.
336 3751 357 3787 s.
372 3753 394 3786 v.
414 3733 592 3804 ἀντιγραφεώςτ
613 3773 701 3785 .....
720 3732 798 3785 διττοὶ
816 3729 835 3785 δ’
851 3733 914 3803 ἦσαν
934 3734 1099 3804 ἀντιγραφεῖς,
1118 3732 1131 3785 δ
1152 3733 1196 3800 μὲν
1215 3737 1261 3802 τῆς
1274 3732 1430 3802 διοικήσεως,
1449 3732 1486 3792 ὥς
1499 3750 1560 3805 φησι

192 3818 338 3892 Φιλόχορος,
357 3823 371 3875 δ
390 3823 415 3875 δέ
434 3828 480 3892 τῆς
500 3821 601 3892 βουλῆς.
620 3821 656 3879 ιθς
673 3819 851 3892 Ἀριστοτέλης
869 3822 895 3874 έν
911 3818 1060 3891 Ἀθηναίων
1080 3821 1200 3892 πολιτείᾳ.
1231 3821 1385 3889 (Epitomen
1398 3839 1482 3876 exser.
1496 3823 1560 3876 Lex.

192 3911 298 3963 Bachm.
319 3929 344 3980 ρ.
357 3913 442 3978 410,6
462 3912 510 3964 Bk.
530 3917 556 3964 et
570 3911 662 3976 Suid.).
684 3939 715 3947 -
734 3910 801 3963 Poll.
823 3911 882 3962 Vlll
901 3910 935 3962 98
954 3912 1114 3980 γραμματεὺς
1133 3909 1146 3962 δ
1165 3911 1231 3962 κατά
1249 3911 1398 3979 πρυτανείαν
1416 3910 1561 3981 πληρωθεὶς

191 3997 239 4051 ὐπὸ
257 4002 303 4067 τῆς
323 3998 418 4069 βουλῆς
436 4000 476 4052 ἐπὶ
494 3999 533 4068 τῷ
550 4000 582 4050 τά
600 4000 735 4068 γράμματα
754 3998 887 4068 φυλάττειν
906 4003 948 4051 καὶ
966 4001 998 4051 τὰ
1017 4001 1167 4070 ψηφίσματα
1186 3999 1229 4049 καὶ
1248 3998 1332 4066 έτερυς
1344 4000 1383 4051 ἐπὶ
1395 4001 1454 4057 τυδς
1466 4002 1560 4067 νόμους

191 4086 239 4139 υπὸ
257 4090 302 4156 τῆς
322 4086 416 4155 βουλῆς
434 4086 662 4159 χιιροτονοθμενος.
700 4084 713 4137 θ
733 4086 755 4137 δ’
773 4086 821 4138 ὑπὸ
844 4091 888 4137 τοῦ
912 4086 993 4156 δήμου
1016 4085 1123 4158 αἰρτθελς
1144 4087 1307 4155 γραμματεὺς
1329 4086 1497 4155 ἀναγινώσκει
1520 4091 1559 4159 τῷ

190 4192 216 4225 τε
235 4173 309 4242 δήμιμ
329 4176 372 4226 καὶ
390 4193 421 4245 τη
442 4174 530 4245 βουλή.
551 4203 581 4211 —
602 4174 667 4227 Lex.
681 4173 761 4225 Bekk.
776 4177 898 4241 quintum
913 4175 970 4237 (BA
985 4173 1092 4240 226‚30)
1107 4172 1278 4244 γραμματεώςι
1298 4173 1396 4226 καὶτὸν
1409 4178 1559 4244 γραμματέα

190 4260 216 4328 [ὁ
235 4263 325 4333 δῆμος]
345 4272 484 4337 χειροτονεῖ
502 4263 515 4316 δ
535 4263 622 4332 δῆμος.
660 4263 869 4331 ἀναγνωσόμενον
889 4263 960 4331 αὐτῷ
983 4267 1026 4315 καὶ
1050 4264 1083 4334 τῇ
1103 4262 1191 4334 βουλή.
1229 4263 1272 4315 καὶ
1299 4261 1372 4321 οὗτος
1399 4263 1503 4322 σθδενός
1529 4265 1559 4318 τὸ

191 4351 295 4403 συνόλον
314 4350 392 4403 ἄλλου
412 4352 463 4405 έστὶ
482 4351 568 4422 κύριος
587 4370 602 4420 η
622 4356 668 4403 τοῦ
688 4352 837 4421 ἀναγνῶναι.
875 4351 949 4403 Suid.
963 4349 1162 4421 γραμματεὺςΠε
1182 4387 1230 4403 ...
1250 4349 1379 4422 κληρωτοί
1392 4351 1417 4403 δὲ
1431 4352 1496 4422 ήσαν
1515 4355 1559 4406 τὸν

191 4437 298 4507 ἀριθμὸν
317 4445 389 4509 τρεῖς,
408 4441 544 4509 γράφοντες
563 4440 594 4490 τά
614 4437 729 4508 δημόσια.
767 4437 868 4496 οδδενὸς
890 4438 915 4490 δὲ
939 4438 1002 4508 ήσαν
1026 4440 1108 4507 κώριοι
1132 4434 1186 4490 ἀλλ’
1206 4439 1223 4508 ή
1245 4443 1291 4490 τοῦ
1314 4443 1416 4508 γράφειν
1435 4443 1479 4494 καὶ
1497 4441 1558 4494 ἀνα·

190 4533 291 4593 γνῶναι.
328 4527 391 4579 Lex.
412 4527 492 4579 Bekk.
513 4533 634 4596 quartum
660 4522 719 4592 (BA
741 4525 845 4592 185,14)
872 4527 1044 4597 γραμματεδςι
1069 4526 1082 4579 δ
1106 4527 1286 4596 ἀναγινώσκων
1305 4529 1338 4599 τή
1357 4527 1438 4600 βουλή
1457 4530 1559 4601 καὶτῷ

190 4612 264 4684 δήμῳ
283 4617 314 4667 τά
333 4616 537 4685 προστεταγμένα
560 4617 621 4683 (leg.
642 4615 821 4685 πραττόμενα).
858 4617 924 4668 κατὰ
952 4616 1044 4684 χρόνον
1067 4612 1112 4680 (δ’)
1134 4615 1279 4685 ήλλάσσετο.
1317 4615 1377 4668 δδέ
1396 4621 1558 4690 καταγραφό-

190 4719 264 4767 μενος
283 4703 343 4771 (leg.
363 4703 585 4772 ἀντιγραφάμινος)
604 4704 635 4756 τὰ
654 4704 679 4755 έν
697 4707 731 4772 τη
745 4703 826 4776 βουλή
838 4703 954 4772 γινόμενα
968 4704 1131 4773 ἀντιγραφεὺς
1143 4703 1250 4771 ἐλέγετο.
1280 4703 1356 4756 Suid.
1369 4721 1390 4757 s.
1404 4722 1428 4756 ν.
1442 4726 1558 4777 γραμμα-

189 4787 264 4848 τεθςῙ
283 4813 316 4833 =
336 4790 396 4842 Lex.
417 4792 496 4843 sabb.
517 4791 571 4856 73:
591 4791 763 4862 γραμματεύς·
783 4789 855 4848 οὗτος
874 4790 988 4861 πράξεως
1007 4796 1052 4859 μέν
1072 4791 1187 4859 σθδιμιᾶς
1205 4792 1238 4864 ἦν
1256 4791 1348 4865 κύριος,
1369 4793 1559 4864 θπανεγίνωσκι

189 4874 215 4928 δὲ
234 4882 266 4948 τη
286 4878 365 4948 βουλῇ
385 4880 483 4950 καὶτῷ
503 4878 576 4949 δήμῳ
595 4880 626 4932 τὰ
645 4879 811 4949 τρεπόμενα.
849 4879 862 4931 ὁ
886 4875 907 4931 δ’
927 4879 1091 4950 ἀντιγραφεὺς
1115 4881 1158 4932 καὶ
1181 4879 1253 4938 οὗτος
1272 4880 1321 4934 ἀπὸ
1340 4886 1385 4935 τοῦ
1404 4884 1508 4955 γράφειν
1526 4885 1558 4938 τά

189 4969 257 5036 παρὰ
274 4970 305 5038 τη
326 4965 408 5038 βουλῇ
426 4967 580 5036 ὠνόμασται.
