3510 5610
286 326 511 380 ARISTOTELIS
532 326 593 379 RES
613 325 761 379 PUBLICA
783 324 1044 378 ATHENIENSIUII
1064 323 1182 377 XXVIII
1197 324 1263 376 1-3
1416 324 1455 387 31

216 499 360 564 XXVIII.
385 499 442 567 ἕως
465 500 516 582 μἐν
540 497 590 563 οὖν
607 498 753 583 Περικλῆς
773 501 957 582 προειστήκει
975 502 1026 561 τοδ
1044 499 1141 582 δήμου
1159 497 1263 582 βελτίω
1279 498 1315 560 τὰ
1332 495 1405 561 κατὰ
1446 502 1457 559 l

144 606 194 687 τήν
217 603 362 667 πολιτείαν
386 603 432 688 ῆν,
456 604 680 685 τελευτήσαντος
703 605 734 666 δὲ
760 602 931 686 Περικλέους
955 603 1029 666 πολδ
1047 603 1150 687 χείρω.
1185 608 1300 685 πρῶτον
1317 601 1371 684 γὰρ
1387 625 1412 677 μ.
1425 608 1456 661 11

144 707 209 771 τότε
235 709 398 791 προστάτην
427 705 531 792 ἔλαβεν
559 709 574 770 ό
603 709 696 789 δῆμος
724 708 777 770 οὐκ
804 707 1012 786 εὐδοκιμοῦντα
1043 706 1121 789 παρὰ
1149 711 1208 774 τοῖς
1236 705 1403 769 ἐπιεικέσιν·

146 810 176 872 ἐν
199 811 231 873 δέ
254 816 314 879 τοῖς
336 809 475 895 πρότερον
491 811 608 895 χρόνοις
623 810 667 873 άεὶ
685 812 829 873 διετέλουν
844 811 870 872 σί
887 811 1022 878 ἐπιεικεῖς
1039 812 1289 892 δημαγωγοῦντες.
1377 809 1407 878 ἐξ
1443 816 1459 871 2

110 914 240 998 σαίρχῆς
264 915 389 996 μὲνγὰρ
412 915 460 977 καὶ
483 920 597 998 πρῶτος
620 913 734 996 ἐγένετο
757 915 921 996 προστάτης
943 918 994 976 τοῦ
1018 912 1112 995 δήμου
1136 911 1248 986 Σόλων,
1272 911 1405 995 δεύτερος

146 1020 177 1081 δὲ
201 1017 415 1102 Πεισίστρατος,
440 1023 497 1080 τῶν
521 1017 646 1099 εὐγενῶν
669 1019 717 1080 καὶ
740 1017 906 1100 γνωρίμων·
940 1016 1154 1098 καταλυθείσης
1177 1015 1210 1078 δέ
1232 1020 1285 1098 τῆς
1307 1039 1406 1098 τυραν·

145 1122 218 1189 κίδος
241 1117 433 1203 Κλεισθένης,
457 1119 629 1202 τοῦγένους
653 1122 693 1182 ὢν
717 1117 1021 1202 τῶνἈλκμεωνιδῶν,
1046 1121 1093 1181 καί
1116 1117 1210 1201 τοότιρ
1236 1119 1288 1198 μέν
1310 1117 1405 1188 οὐδεὶς

146 1224 180 1309 ῆν
204 1225 442 1308 ἀντιστασιώτης,
466 1228 506 1293 ῶς
529 1224 665 1293 ἐξέπεσον
689 1224 715 1285 οἱ
739 1226 805 1307 περί
828 1224 876 1286 τδν
892 1222 1054 1306 Ἰσαγόραν.
1101 1221 1174 1303 μετὰ
1197 1222 1228 1283 δὲ
1251 1225 1341 1285 ταῦτα
1356 1227 1407 1285 τοῦ

147 1330 198 1411 μὲν
226 1330 321 1413 δήμου
349 1329 533 1413 προειστήκει
560 1327 741 1399 Ξάνθιππος,
775 1331 833 1390 τῶν
863 1328 896 1389 δὲ
923 1327 1076 1410 γνωρίμων
1099 1323 1273 1409 Μιλτιάδης,
1307 1323 1408 1389 ἔπειτα

99 1453 127 1498 ιο
146 1432 346 1516 Θεμιστοκλῆς
367 1433 415 1496 καὶ
432 1430 625 1516 Ἀριστείδης·
661 1431 734 1511 μετὰ
757 1433 789 1494 δὲ
812 1433 933 1499 τούτους
951 1429 1115 1514 Ἐφιάλτης
1143 1430 1195 1510 μέν
1223 1433 1273 1492 τοῦ
1302 1431 1407 1513 δήμου,

147 1534 250 1618 Κίμων
273 1535 335 1599 δ’ὁ
359 1533 519 1599 Μιλτιάδου
542 1540 601 1598 τῶν
624 1534 771 1619 εὐπόρων·
803 1533 865 1597 εἶτα
890 1532 1035 1616 Περικλῆς
1058 1534 1110 1615 μὲν
1132 1537 1183 1595 τοῦ
1207 1533 1313 1615 δήμου,
1337 1531 1409 1596 Θου-

147 1639 264 1722 κυδίδης
287 1639 319 1701 δὲ
342 1643 399 1700 τῶν
423 1637 541 1721 ἑτέρων,
565 1640 709 1722 κηδεστής
731 1639 772 1700 ῶν
789 1634 935 1717 Κίμωνος.
1025 1634 1199 1718 Περικλέους
1222 1637 1254 1698 δὲ
1276 1638 1409 1721 τελευτή·
1445 1644 1462 1700 3

150 1762 252 1810 σαντος
274 1748 332 1804 τῶν
357 1743 409 1823 μέν
432 1741 580 1825 ἐπιφανῶν
603 1740 785 1823 προειστήκει
802 1738 904 1807 Νικίας
927 1739 989 1803 δέν
1010 1738 1128 1822 Σικελία
1150 1740 1336 1822 τελευτήσας,
1359 1744 1410 1804 τοῦ

149 1846 182 1908 δέ
216 1846 311 1928 δήμου
336 1843 440 1909 Κλέων
468 1845 483 1906 ό
507 1841 694 1920 Κλεαινέτου,
728 1843 761 1910 ὃς
788 1845 870 1906 δοκεῖ
896 1845 1021 1924 μάλιστα
1049 1844 1216 1927 διαφθεῖραι
1244 1843 1293 1906 τδν
1315 1845 1409 1926 δῆμον

98 1970 128 2018 15
148 1955 209 2016 ταῖς
238 1949 351 2031 ὁρμαῖς,
378 1951 427 2012 καὶ
455 1953 570 2030 πρῶτος
597 1947 645 2009 ἐπὶ
668 1952 718 2010 τοῦ
743 1948 872 2032 βήματος
896 1947 1037 2028 ἀνέκραγε
1059 1947 1107 2009 καὶ
1130 1946 1339 2029 ἐλοιδορήσατο
1362 1948 1410 2009 καί

126 2054 384 2135 ’περιζωσάμενος
408 2050 623 2134 ἐδημηγόρησε,
657 2056 715 2113 τῶν
746 2049 842 2113 ἄλλων
870 2050 900 2112 ἐν
928 2049 1031 2133 κόσμῳ
1059 2048 1213 2131 λεγόντων.
1247 2049 1310 2113 εἶτα
1338 2052 1410 2133 μετά

150 2156 267 2224 τούτους
295 2160 350 2217 τῶν
379 2156 431 2236 μὲν
459 2155 567 2237 ἑτέρων
591 2153 766 2238 Θηραμένης
793 2152 984 2236 όἍγνωνος,
1017 2157 1068 2216 τοῦ
1092 2156 1123 2216 δὲ
1146 2155 1242 2236 δήμου
1266 2151 1410 2239 Κλεοφῶν

67 2308 71 2314 .
152 2260 168 2323 δ
195 2259 359 2344 λυροποιός,
386 2258 419 2327 δς
447 2260 496 2322 καὶ
523 2258 575 2339 τῆν
599 2259 750 2342 διωβελίαν
774 2258 892 2342 ἑπόρισε
914 2262 1040 2340 πρῶτος·
1076 2258 1122 2320 καὶ
1145 2256 1250 2341 χρόνον
1275 2257 1326 2338 μέν
1349 2280 1412 2320 τινα

99 2554 112 2606 l
133 2551 235 2623 βιλτειω
255 2552 275 2603 L
417 2551 433 2602 3
452 2550 695 2618 ευδυκιμουμενοντα
715 2553 744 2617 (μ
762 2550 872 2602 alterum
893 2563 975 2616 super
993 2568 1006 2599 ν
1025 2549 1164 2617 seriptum)
1184 2547 1228 2610 Ι),
1246 2565 1312 2601 corr.
1332 2548 1362 2600 L'

97 2641 185 2693 θεῶν
272 2640 407 2711 γνωρίμων
427 2640 478 2691 deI.
498 2640 588 2697 K·W;
619 2645 679 2704 post
707 2637 816 2707 εθγενῶν
843 2638 894 2689 ἰιιε.
919 2636 954 2687 ῶν
980 2637 1108 2689 Richards
1133 2636 1213 2702 (II-L,
1238 2637 1288 2703 III.)

96 2729 111 2780 I
132 2727 305 2796 αλκμεονιδων
325 2728 345 2780 L
491 2729 521 2780 14
542 2724 686 2779 κλαιινετου
705 2727 725 2778 L
871 2726 902 2777 18
921 2723 1056 2794 διωβολιαν
1074 2723 1105 2790 Ῑι,
1124 2740 1189 2777 corr.
1210 2726 1294 2792 II-W,
1317 2725 1351 2777 αί.

96 3005 124 3058 τδ
151 3003 303 3076 διαφθείρειν
330 3006 388 3062 τοὺς
416 3005 534 3063 δικαστάς
561 3004 577 3075 ῆ
602 3004 738 3072 ἐκκλησίας
761 3011 814 3060 τοῖς
842 3003 910 3072 (Iege
935 2999 1130 3071 ἐκκλησιαστάς)
1157 2986 1271 3073 χρήμασι
1298 3003 1341 3054 καί
1368 3002 1465 3073 δώροις.

96 3093 193 3164 ἐκλήθη
219 3095 245 3146 δέ
268 3093 297 3146 τδ
316 3099 418 3162 πρᾶγμα
437 3092 526 3158 οὕτως,
551 3093 603 3146 ἐπεὶ
629 3095 695 3145 κατὰ
715 3092 775 3145 δίκα
795 3089 1013 3161 συναθροιζόμεναι
1036 3089 1177 3159 ἐλάμβανον
1200 3092 1231 3142 τά
1253 3088 1330 3159 δῶρα.
1368 3097 1467 3160 πρῶτος

97 3181 116 3234 δ’
136 3182 218 3234 ἐδόκει
237 3182 340 3236 δικάσαι
354 3179 442 3252 Μέλης
460 3184 533 3248 (εἰσί)
552 3184 596 3239 τάς
615 3181 722 3238 εθθόνας
740 3180 821 3238 διδοὺς
839 3183 885 3249 τῆς
903 3179 928 3231 έν
949 3175 1026 3248 Πίιλῳ
1046 3180 1203 3249 στρατηγίας,
1222 3178 1253 3248 ῆν
1273 3185 1362 3237 κακῶς
1381 3180 1467 3251 ἐστρα-

97 3272 213 3341 τήγησεν,
227 3288 294 3341 quae
308 3273 398 3340 glossa
410 3273 542 3339 σκευάρια
555 3281 595 3323 εει
610 3272 656 3335 [ex
669 3269 775 3338 Photio]
795 3270 827 3321 ab
841 3269 927 3337 Etym.
941 3284 1001 3337 gen.
1016 3269 1098 3334 (unde
1111 3268 1206 3336 Symeo
1221 3275 1247 3320 et
1261 3268 1300 3320 Et.
1316 3269 1338 3319 II
1343 3308 1347 3318 .
1361 3268 1467 3332 25438)

97 3359 221 3421 δεκάζεινι
241 3358 392 3430 διαφθείρειν
416 3361 476 3416 τοὺς
500 3358 647 3420 δικάζοντας
671 3358 687 3428 ῆ
711 3360 772 3416 τοὺς
788 3355 971 3428 έκκλησιαστδς
996 3357 1109 3430 χρήμασι
1127 3357 1170 3407 καί
1189 3356 1286 3426 δώροις.
1323 3354 1422 3426 ἐκλήθη
1441 3357 1467 3409 δὲ

98 3448 145 3501 ἀπὸ
169 3452 214 3499 τοῦ
237 3450 304 3500 κατὰ
327 3448 387 3500 δέκα
411 3446 606 3518 ἀθροιζομένους
629 3446 766 3516 λαμβάνειν
793 3447 825 3498 τά
848 3446 925 3516 δῶρα.
967 3453 1068 3516 πρῶτον
1091 3445 1116 3497 δέ
1145 3460 1204 3514 φασι
1232 3444 1334 3498 δικάσαι
1359 3441 1466 3515 Μίλητα

97 3574 186 3589 .....
201 3536 231 3588 ίκ
249 3541 294 3589 τοῦ
314 3535 458 3607 ῥητορικοῦ.
495 3533 779 3588 Schol.Aeschin187
799 3534 915 3595 ἐδίκαζεν
929 3533 972 3586 οδν
985 3533 1121 3604 διέφθειρεν
1135 3533 1245 3605 ἀργυρίῳ
1264 3535 1322 3590 τοὺς
1340 3531 1468 3591 δικαστάς.

97 3624 189 3695 ήρξατο
209 3624 234 3676 δέ
253 3630 298 3678 τοῦ
317 3623 431 3678 τοιοθτου
450 3631 551 3693 πρῶτος
563 3620 674 3682 Ἄνυτος.

189 3721 219 3772 14
238 3717 326 3772 SchoI.
340 3717 448 3771 Lucian.
462 3717 528 3769 Tim.
543 3717 577 3769 30
596 3719 631 3784 (ρ.
645 3717 678 3769 47
693 3734 731 3785 sq.
751 3716 854 3783 Jacob.)
874 3715 906 3768 de
926 3715 1024 3768 Cleone
1045 3714 1135 3783 ἐπέστη
1156 3712 1181 3765 δέ
1201 3714 1243 3764 καί
1261 3714 1295 3782 τῆ
1313 3713 1373 3783 πρὸς
1387 3712 1467 3767 Λακε·

98 3809 238 3879 δαιμονίους
257 3806 353 3879 εἰρήνη,
373 3806 408 3864 ώς
426 3801 567 3875 Φιλόχορος
585 3806 628 3858 καί
642 3802 823 3874 Ἀριστοφάνης
842 3802 958 3874 προσθείς
978 3801 1090 3872 [προθείς
1104 3802 1190 3867 Diels]
1210 3802 1320 3873 ἄρχοντα
1339 3798 1468 3855 Εὔθυνον·

98 3894 264 3969 Ἀριστοτέλης
287 3894 313 3947 δέ
339 3896 382 3947 καί
400 3896 601 3965 περιζωσάμενον
624 3893 700 3946 αὐτδν
724 3893 788 3963 λέγει
808 3892 991 3963 δημηγορῆσαι,
1015 3892 1049 3948 είς
1071 3892 1118 3960 τῆν
1137 3890 1282 3959 θρασδτητα
1306 3890 1383 3943 αδτυῡ
1407 3891 1468 3943 ἀπο-

98 3988 234 4040 σκώπτων.
306 3984 392 4037 schol.
412 3985 537 4036 Aeschin.
556 3984 566 4034 I
587 3984 631 4035 95:
656 3982 754 4051 λέγεται
778 3983 804 4034 δέ
828 3978 920 4035 Κλέων
943 3982 956 4034 ό
980 3980 1132 4050 δημαγωγός
1155 3979 1270 4049 παραβὰς
1292 3979 1320 4031 τδ
1346 3978 1371 4039 ἐξ
1396 3977 1470 4037 ἔθους

98 4079 185 4147 σμῆμα
209 4074 411 4145 περιζωσάμενος
434 4073 617 4142 δημηγορῆσαι.
690 4071 727 4123 Cf.
746 4071 815 4123 PIut.
834 4072 891 4124 Nic.
905 4070 932 4124 8:
957 4071 1000 4122 καί
1024 4072 1109 4138 μέντοι
1132 4071 1175 4121 καὶ
1197 4069 1244 4138 τήν
1267 4067 1337 4121 πόλιν
1360 4067 1469 4138 ἔβλαψεν

99 4164 126 4217 οδ
149 4165 227 4234 μικρὰ
254 4162 293 4232 τιγῖ
315 4157 416 4214 Κλέωνι
439 4166 558 4213 τοσοῦτον
581 4158 759 4230 προσγενέσθαι
782 4158 855 4230 δόξης
881 4161 953 4216 ἐάσας
980 4160 1023 4211 καί
1046 4158 1190 4224 δυνάμεως,
1218 4153 1264 4227 θφ’
1284 4157 1314 4227 ής
1342 4157 1377 4214 είς
1406 4157 1469 4227 βαρὺ

99 4254 215 4323 φρόνημα
239 4252 283 4303 καί
301 4248 393 4321 θράσος
413 4251 528 4317 ἐμπεσὼν
548 4250 692 4301 ἀκάθεκτον
712 4248 790 4305 άλλας
813 4267 839 4300 τε
863 4249 896 4319 τῆ
914 4247 984 4300 πόλει
1003 4246 1187 4318 προσετρίψατο
1205 4246 1341 4316 συμφοράς,
1365 4246 1401 4298 ῶν
1421 4245 1469 4316 οὐχ

98 4340 189 4411 ήκιστα
215 4342 257 4393 καί
282 4338 357 4396 αθτδς
380 4339 512 4402 ἀπέλαυσε,
541 4339 584 4389 καὶ
607 4337 651 4389 τὸν
674 4337 715 4388 ἐπὶ
737 4341 782 4390 τοῦ
810 4337 921 4407 βήματος
946 4337 1041 4403 κόσμον
1065 4335 1161 4389 ἀνελὼν
1186 4337 1229 4386 καὶ
1252 4340 1352 4404 πρῶτος
1379 4335 1405 4387 ἐν
1433 4335 1472 4404 τῷ

99 4429 248 4500 δημηγορεῖν
268 4428 419 4500 ἀνακραγὼν
443 4430 487 4480 καὶ
505 4428 656 4497 περισπάσας
679 4426 708 4478 τὸ
733 4427 831 4493 ἱμάτιον
856 4427 899 4478 καί
922 4425 965 4478 τὸν
990 4424 1071 4496 μηρόν
1094 4423 1206 4484 πατάξας
1230 4424 1273 4474 καί
1296 4423 1383 4495 δρόμῳ
1406 4423 1470 4491 μετὰ

98 4523 142 4572 τοῦ
161 4517 241 4587 λέγειν
261 4517 313 4583 ἅμα
332 4519 488 4588 χρησάμενος
507 4516 553 4585 τὴν
573 4515 656 4585 ὀλίγον
676 4513 779 4586 ὕστερον
798 4513 896 4567 άπαντα
920 4516 951 4566 τὰ
969 4516 1103 4583 πράγματα
1123 4513 1261 4582 συγχέασαν
1280 4511 1408 4584 εόχέρειαν
1427 4512 1470 4563 καί

99 4607 231 4678 ὀλιγωρίαν
251 4611 295 4659 τοῦ
314 4607 452 4677 πμίποντος
471 4606 599 4673 ἐνεποίησε
618 4612 670 4661 τοῖς
688 4602 899 4671 πολιτευομένοις.

190 4704 220 4756 18
240 4703 544 4770 Sch01.Ar.Vesp.084
564 4704 605 4764 (λ’,
620 4703 695 4765 dett.)
719 4706 795 4753 τοῦτο
815 4703 875 4766 (scr.
894 4699 923 4752 τό
942 4698 1093 4769 τριώβολον)
1118 4698 1145 4750 δὲ
1163 4696 1252 4749 άλλοτε
1272 4695 1357 4754 άλλως
1376 4696 1470 4749 ἐδίδοτο

99 4797 149 4845 τῶν
168 4790 331 4862 δημαγωγῶν
350 4794 381 4843 τά
400 4790 486 4860 πλήθη
506 4791 709 4855 κολακευόντων,
729 4790 764 4848 ίός
777 4805 851 4859 φησιν
861 4786 1035 4859 Ἀριστοτέλης
1055 4790 1080 4840 ἐν
1094 4783 1239 4843 Πολιτείαις.
1277 4785 1398 4837 Ρτονετθ.
1410 4786 1471 4837 Ath.

99 4879 134 4932 lII
152 4879 202 4933 151
223 4881 302 4944 (Plut.
317 4882 387 4949 vulg.
408 4881 431 4931 II
455 4881 505 4945 11),
527 4880 624 4931 Zenob.
644 4880 703 4931 Par.
719 4879 752 4930 VI
767 4879 810 4942 29,
830 4901 863 4922 =
883 4878 959 4931 I’hot.
978 4878 1052 4930 Suid.
1071 4894 1091 4928 ε.
1106 4893 1129 4928 ν.
1148 4875 1210 4947 θπέρ
1229 4876 1261 4927 τὰ
1280 4870 1471 4944 Καλλικράτους

99 4970 143 5034 (εκ
162 4969 316 5034 Ρουεευίτι)ι
424 4965 590 5037 Αριστοτέλης
617 4967 643 5018 δέ
672 4983 747 5037 φησιν
771 4967 798 5018 έν
821 4967 854 5038 τῆ
877 4965 960 5033 (ἄλλοι
983 4966 1009 5018 δί
1034 4981 1107 5036 φασιν
1132 4965 1202 5018 PIut.
1220 4962 1304 5033 vulg.)
1321 4959 1471 5031 Ἀθηναίων
