3510 5610
188 286 208 351 8
428 284 653 340 ARISTOTELIS
671 283 735 337 RES
752 283 902 339 PUBLICA
921 281 1179 338 ATHENIENSIUM
1198 281 1248 335 VII
1262 279 1316 335 3.4

243 460 364 544 τέτταρα
387 460 472 544 τέλη,
506 458 639 542 καθάπερ
668 457 790 542 διῄρητο
813 459 861 521 καὶ
884 456 1037 541 πρότερον,
1072 457 1112 525 εἷς
1134 454 1429 539 πεντακοσιομέδιμον
1456 456 1505 519 καί

245 560 361 648 ίπήπέα]
395 565 441 627 καὶ
470 561 601 646 ζευγίτην
628 562 676 625 καὶ
704 562 793 643 θῆτα.
842 562 889 624 καὶ
917 560 968 630 τάς
990 559 1057 644 μὲ[ν
1085 558 1189 644 ἀλλ]ας
1212 560 1309 645 ἀρχὰς
1331 557 1509 641 ἀπίνειμενή

245 665 349 752 ἄρχειν
365 668 398 730 ἐκ
413 666 733 748 πεντακοσιομεδίμνων
748 667 796 729 καὶ
813 664 925 728 ἱππίων
941 665 988 729 καί
1004 669 1154 746 ζευγιτῶν,
1170 663 1237 733 τοῦς
1257 662 1341 727 ἐννέα
1357 662 1502 749 ἄρχοντας
1515 670 1559 738 μ3

245 771 293 832 καί
320 771 387 839 τοὺς
413 770 518 852 ταμίας
545 771 593 832 καὶ
615 769 682 835 τοὺς
704 768 844 852 πωλητάς
865 768 914 831 καὶ
936 767 1002 836 τοῦς
1025 767 1129 831 ἕνδεκα
1150 768 1198 830 καὶ
1220 766 1288 834 τοῦς
1311 765 1507 851 κωλακρὲτατ,

210 873 376 943 σὲκάστοις
403 873 544 954 ἀνάλογον
571 877 614 956 τῷ
640 871 759 955 μεγέθει
781 875 832 936 τοῦ
855 870 1020 954 τιμήματος
1042 871 1198 938 ἀποδιδοὺς
1220 872 1272 954 τὴν
1296 871 1402 955 ἀρχήν.
1445 875 1506 938 τοῖς

246 977 333 1040 δὲτὸ
356 978 475 1061 θητικὸν
499 978 629 1039 τελοῦσιν
653 975 808 1058 ἐκκλησίας
831 976 879 1039 καὶ
902 974 1094 1059 δικαστηρίων
1116 974 1264 1055 μετέδωκε
1284 976 1382 1054 μόνον.
1448 971 1508 1036 ἔδει
1544 982 1561 1037 4

246 1081 278 1143 δὲ
304 1083 396 1143 τελεῖν
419 1078 729 1161 πεντακοσιομέδιμνον
759 1080 812 1161 μὲν
840 1078 873 1147 δε
900 1077 935 1142 ἀν
962 1079 997 1141 ἐκ
1024 1082 1076 1160 τῆς
1103 1079 1212 1146 οἰκείας
1238 1081 1309 1161 ποιῇ
1333 1076 1508 1141 πεντακόσια

246 1183 336 1266 μέτρα
360 1183 395 1246 τάι
418 1184 561 1266 συνάμφω
585 1183 657 1268 ίηρά
679 1185 727 1247 καὶ
751 1183 833 1266 ὑγρά,
857 1182 1017 1246 ίππάδαδὲ
1034 1183 1099 1252 τοῦς
1115 1180 1264 1265 τριακόσια
1279 1185 1442 1259 ποιοῦντας,
1465 1185 1508 1251 ῶς

246 1285 271 1349 δ1
305 1284 376 1349 ἔνιοί
406 1307 476 1370 φασι
504 1287 571 1355 τοῦς
598 1288 787 1371 ἱπποτροφεῖν
815 1285 1004 1368 δυναμένους.
1060 1290 1181 1370 σημεῖον
1209 1286 1241 1348 δὲ
1268 1284 1389 1370 φέρουσι
1415 1285 1448 1349 τό
1476 1308 1508 1348 τε

198 1410 228 1456 10
249 1387 340 1469 ὄνομα
363 1393 414 1452 τοῦ
437 1391 547 1467 τέλους,
570 1394 611 1459 ῶς
634 1389 669 1454 ἂν
692 1389 751 1453 ἀπὸ
774 1393 824 1454 τοῦ
848 1392 1016 1472 πράγματος
1038 1390 1179 1470 κείμενον,
1203 1390 1250 1453 καὶ
1274 1389 1309 1452 τά
1331 1390 1510 1472 ἀναθήματα

248 1497 306 1556 τῶν
340 1494 487 1578 ἀρχαίων·
522 1493 670 1557 ἀνάκειται
702 1493 757 1578 γάρ
791 1492 821 1555 ἐν
849 1491 1008 1577 ἀκροπόλει
1034 1493 1122 1555 εἰκῶν
1150 1492 1286 1578 Διφίλου,
1320 1491 1367 1576 ἐφ’
1398 1488 1419 1576 ᾖ
1447 1491 1510 1554 ἐπι·

247 1594 404 1680 γέγραπται
427 1599 510 1660 τάδε·
984 1670 987 1675 Δ

499 1700 619 1784 Διφιλοο
639 1699 810 1781 Ἀνθεμίων
833 1698 914 1783 τήνδ’
943 1699 1071 1784 ἀνέθηκε
1094 1699 1184 1780 θεοῖς,

503 1805 624 1886 θητικοῦ
647 1805 710 1866 ἀντί
734 1803 835 1870 τέλους
858 1802 958 1866 ἱππάδ’
987 1803 1193 1888 ἀμειψάμενος.

196 2009 212 2062 2
231 2011 272 2062 vel
292 2027 409 2079 μεγιστας
428 2011 501 2074 (Bw)
520 2011 558 2063 νσ1
579 2028 624 2079 μιν
637 2009 714 2068 αλλας
732 2011 815 2075 (Diels
829 2017 855 2062 et
871 2012 942 2072 θα.)
960 2010 987 2063 iu
1009 2026 1110 2079 papyro
1129 2010 1181 2076 legi
1196 2017 1321 2080 possunt;
1340 2010 1441 2064 litteras
1461 2009 1567 2079 aliquas

197 2115 255 2152 esso
274 2101 343 2151 inter
361 2119 391 2168 με
410 2107 436 2152 et
454 2118 483 2158 ας
502 2102 558 2166 (pro
580 2100 628 2152 hoc
647 2100 690 2152 ille
711 2098 815 2167 quidem
835 2118 848 2149 ν
867 2099 950 2165 legit),
970 2087 1003 2151 de
1023 2114 1074 2166 quo
1094 2098 1198 2151 dubitat
1218 2098 1279 2159 31³,
1301 2103 1399 2153 ευτίιιιο
1419 2107 1460 2151 σοι

198 2187 212 2237 7
232 2188 289 2256 τῆς]
307 2191 352 2257 γης
372 2187 493 2256 Βγνοιετ
600 2188 616 2240 8
636 2204 740 2241 ιππασια
758 2187 812 2254 (vel
830 2187 882 2240 διας
900 2188 947 2240 has
967 2188 1068 2240 litteras
1087 2195 1141 2240 tres
1154 2188 1252 2240 delevit
1266 2191 1403 2253 corrector)
1420 2185 1469 2252 δ(ε)
1482 2190 1567 2252 (ειναι)

197 2273 246 2340 δίε)
267 2275 286 2326 1ο
428 2277 453 2327 11
476 2273 580 2346 Διφίλου
600 2277 661 2329 secl.
681 2278 794 2344 Μυτιαγ,
813 2277 859 2340 al.;
881 2282 969 2330 tuetur
987 2276 1120 2338 Ludwich,
1145 2277 1288 2344 Festschrift
1301 2277 1349 2344 fler
1370 2276 1399 2328 O.
1420 2274 1570 2344 Hirschfeld

199 2381 223 2433 p.
240 2364 306 2418 6111.

199 2555 315 2621 ὠνόμασε
335 2557 391 2623 (καὶ
409 2556 448 2625 τιγῖ
466 2555 561 2626 πρώτῳ
579 2556 658 2626 ὄνομα
671 2558 702 2627 ἦν
716 2558 799 2621 Suid.)
818 2556 1106 2625 πεντακοσιομεδίμνων,
1124 2555 1154 2609 τὸ
1168 2555 1282 2627 δεῦτερον
1300 2557 1349 2624 (τῷ
1359 2556 1468 2625 δευτέρῳ
1482 2556 1569 2621 Suid.)

200 2643 304 2706 ἱππέων,
332 2643 361 2695 τὸ
379 2644 462 2715 τρίτον
482 2644 532 2714 (τῷ
550 2646 625 2715 τρίτῳ
645 2645 730 2710 Suid.)
757 2646 886 2715 ζευγιτῶν,
909 2645 938 2699 τὸ
957 2645 1077 2716 τέταρτον
1101 2645 1150 2716 (τῷ
1169 2647 1280 2714 τετάρτῳ
1300 2643 1384 2709 Suid.)
1403 2643 1500 2716 θητῶν.
1537 2644 1569 2698 τὸ

199 2733 313 2798 πίμπτον
333 2735 380 2802 (τῷ
398 2735 504 2802 πέμπτην
523 2734 609 2800 Suid.)
632 2735 709 2792 ίππάς
732 2733 846 2788 ἐκαλεῖτο
869 2735 917 2799 (ἐκ.
938 2750 988 2787 om.
1007 2733 1090 2799 Suid.)
1145 2733 1176 2786 cf.
1203 2735 1283 2786 schol.
1303 2734 1437 2802 Aristoph.
1463 2733 1509 2813 11η.
1533 2735 1568 2799 (V

200 2820 263 2882 det.)
283 2821 333 2872 6:17
353 2822 387 2879 είς
405 2823 460 2891 τρία
478 2824 524 2891 γάρ
543 2823 607 2893 μέρη
627 2822 655 2876 εδ
674 2821 781 2875 παλαιὸν
799 2829 851 2875 τῶν
867 2819 1016 2892 Ἀθηναίων
1035 2818 1139 2894 διῄρητο
1158 2820 1171 2875 δ
1191 2821 1278 2892 δῆμος,
1302 2822 1338 2880 είς
1355 2840 1383 2875 τε
1401 2823 1461 2880 τοῦς
1479 2841 1570 2875 πεντα-

200 2907 406 2976 κοσιομεδίμνους
423 2909 602 2978 καλουμίνους,
630 2912 672 2970 οθς
694 2911 734 2964 διὰ
756 2909 786 2963 τὸ
809 2916 927 2981 γεωργεῖν
945 2915 1055 2963 τοσαῦτα
1078 2911 1156 2981 μέτρα
1180 2909 1261 2969 οὕτως
1280 2910 1421 2979 ὠνόμαζον,
1448 2911 1491 2962 καί
1509 2913 1571 2969 τοῦς

201 2997 290 3054 ἱππέας
308 2998 351 3050 καί
369 2999 426 3056 τοὺς
446 2996 533 3068 θήτας.
561 3000 585 3053 οί
603 3001 649 3069 μέν
668 2999 712 3052 οῦν
731 2999 995 3067 πεντακοσιομίδιμνυι
1012 2999 1076 3069 ἦσαν
1096 2998 1205 3068 εὔποροι.
1239 2999 1263 3050 ο1
1281 2997 1308 3051 δέ
1327 2999 1409 3056 1ππείς
1427 2998 1503 3069 ήττον
1523 3001 1571 3067 μὲν

200 3092 252 3139 τῶν
269 3085 557 3154 πεντακοσιομεδίμνων,
577 3088 650 3160 μέχρι
669 3087 695 3140 δὲ
713 3090 800 3141 τῶν-ἶ
818 3087 957 3158 ίγεῶργουν
975 3088 1084 3158 μίτρων.
1122 3088 1203 3144 ἱππεῖς
1222 3086 1248 3140 δέ
1267 3085 1360 3144 αῦτοῦς
1378 3086 1510 3153 ὠνόμαζον
1530 3087 1572 3139 διά

200 3173 229 3226 τὸ
248 3171 375 3236 δῦνασθαι,
404 3173 488 3227 ιίποτε
507 3173 591 3233 αὐτοῖς
609 3176 680 3246 χρεία
703 3175 805 3244 γίνοιτο,
833 3177 910 3229 ἵππον
936 3175 1043 3228 ἕκαστον
1066 3175 1150 3228 αδτῶν
1174 3177 1280 3245 τρέφειν.
1318 3211 1397 3227 .....
1416 3172 1480 3245 ήδέ
1497 3175 1571 3245 τρίτη

201 3260 269 3322 τάξις
280 3262 344 3332 ήσαν
358 3263 381 3316 οἰ
394 3262 471 3332 θῆτες
483 3259 545 3334 παρ’
558 3262 651 3330 αὐτοῖς,
671 3263 707 3320 οἶς
719 3262 774 3316 οῦδὲ
788 3265 873 3335 ἄρχειν
887 3265 979 3335 ἐφεῖτο,
998 3265 1013 3332 ή
1028 3263 1136 3325 δικάζειν
1149 3264 1193 3317 καί
1205 3263 1378 3334 ἐκκλησιάζειν
1391 3263 1477 3330 μόνον,
1495 3261 1530 3316 ἵν’
1542 3263 1572 3317 έιι

200 3369 228 3403 τε
246 3354 291 3403 τοῦ
305 3350 450 3403 δικαστικοῦ
463 3353 507 3405 καί
520 3351 730 3421 έκκλησιαστικοῦ
744 3353 873 3423 τρέφοιντο
888 3354 979 3417 (deser.
993 3353 1066 3406 Suid.
1082 3354 1184 3420 ἱππεῖς).
1213 3353 1324 3420 Ηεεγαίι.
1340 3352 1469 3421 ζευγίσιονε
1484 3356 1531 3420 της
1546 3355 1572 3406 ἐν

200 3435 323 3509 ’Ἀθήναις
341 3438 465 3498 πολιτείας
483 3440 581 3509 τίμημα
594 3438 662 3494 οὕτω
676 3439 840 3508 καλυῦμενον.
868 3440 900 3511 ήν
913 3439 938 3493 δὲ
958 3438 1095 3511 διήρημενη
1108 3442 1125 3511 ή
1139 3439 1251 3493 πολιτεία
1265 3439 1299 3497 είς
1312 3440 1419 3510 τέσσαρα
1431 3440 1571 3510 τιμήματα.

291 3526 306 3578 2
328 3528 439 3596 Hesych.
460 3525 578 3598 θητικόντ
603 3529 633 3583 τὸ
653 3529 759 3602 ίσχατον
777 3531 875 3599 τίμημα
893 3525 1130 3599 παράἈθηναίοις.
1178 3529 1303 3597 Ηοτρυοτ.
1326 3544 1346 3582 ε.
1370 3545 1394 3582 ν.
1423 3526 1500 3599 θῆτες
1528 3530 1574 3583 καὶ

203 3613 321 3683 θητικόντ
346 3651 424 3669 .....
443 3616 478 3673 είς
495 3618 601 3687 τίσσαρα
621 3617 773 3688 διῃρημένης
791 3616 855 3686 παρ’
867 3616 1015 3690 Ἀθηναίοις
1032 3620 1079 3687 τῆς
1097 3616 1223 3675 πολιτείας
1241 3618 1265 3670 οἱ
1278 3616 1438 3685 ἀπορώτατοι
1457 3617 1573 3686 ίλίγοντο

202 3703 278 3775 θῆτες
297 3705 339 3756 καί
359 3702 464 3774 θητικὸν
483 3703 571 3757 τελεῖν.
608 3704 677 3758 οῦτοι
702 3705 728 3758 δί
750 3705 868 3773 οῦδεμιᾶς
891 3713 1005 3779 μετεῖχον
1030 3707 1118 3778 ἀρχῆς,
1144 3704 1179 3763 ῶς
1198 3706 1242 3759 καλ
1257 3701 1436 3777 Ἀριστοτέλης
1454 3704 1529 3775 δηλοῖ
1546 3707 1573 3758 ίν

199 3775 347 3863 Ἀθηναίων
365 3792 477 3861 πολιτείᾳ
502 3833 578 3846 .....
603 3792 754 3862 (Ερὶιοωειι
779 3795 905 3863 θειοτίρο.
925 3795 1033 3849 Photius
1057 3796 1140 3860 [unde
1160 3795 1246 3862 Etym.
1266 3810 1336 3863 gen„
1355 3810 1386 3847 ex
1407 3809 1459 3863 quo
1479 3794 1519 3847 Et.
1539 3797 1574 3848 11.

204 3881 299 3947 452,14
319 3888 344 3934 et
363 3882 458 3950 Symeo
477 3880 522 3948 (1)]
542 3891 568 3935 et
587 3883 672 3946 Suid.)

292 3971 307 4022 7
321 3971 386 4023 Poll.
399 3969 458 4023 Vlll
473 3970 522 4024 130
542 3970 673 4040 τιμήματα
687 3966 712 4023 δ’
724 3970 754 4041 ἦν
768 3971 882 4043 τέτταρα,
901 3970 1190 4040 πεντακοσιομεδίμνων,
1203 3970 1310 4031 ίππέων,
1325 3971 1452 4040 ζευγιτῶν,
1466 3968 1574 4040 θητικόν

203 4057 330 4128 (θητικῶν
350 4058 447 4124 ποθῶ),
466 4059 489 4110 οῖ
507 4059 552 4124 μὲν
571 4059 600 4111 έκ
614 4064 658 4112 τοῦ
672 4060 823 4112 πεντακόσια
837 4061 915 4130 μέτρα
929 4058 992 4128 ξηρά
1006 4061 1049 4112 καὶ
1062 4060 1123 4129 ῦγρά
1137 4066 1216 4113 ποιεῖν
1230 4056 1380 4128 κληθέντες·
1399 4058 1534 4130 ἀνήλισκον
1547 4055 1572 4112 δ’

204 4149 238 4206 είς
256 4146 286 4199 τὸ
305 4145 424 4216 δημόσιον
443 4146 579 4199 τάλαντον·
607 4146 631 4198 οἱ
649 4146 675 4199 δέ
700 4148 747 4217 τήν
771 4147 867 4202 ίππάδα
886 4147 1014 4205 τελοῦντες
1038 4149 1067 4201 έκ
1092 4152 1137 4214 μὲν
1159 4152 1205 4201 τοῦ
1228 4145 1347 4200 δῦνασθαι
1366 4149 1464 4218 τρίφειν
1483 4146 1576 4206 ἵππους

204 4234 345 4305 κεκλῆσθαι
362 4235 487 4301 δοκοῦσιν,
505 4235 603 4288 ίποίονν
622 4235 648 4288 δέ
667 4237 747 4307 μίτρα
765 4237 904 4308 τριακόσια,
923 4235 1058 4306 ἀνήλισκον
1077 4236 1103 4288 δί
1122 4233 1304 4306 ἡμιτάλαντον·
1323 4236 1346 4288 οῖ
1366 4234 1392 4288 δέ
1411 4235 1439 4287 τὸ
1453 4235 1575 4304 ζευγίσιον

205 4325 344 4394 (ζιυγήσιον
363 4323 451 4387 codd.)
469 4323 599 4382 τελοῦντες
618 4324 667 4376 ἀπὸ
681 4324 815 4378 διακοσίων
829 4325 929 4394 μέτρων
943 4323 1119 4394 κατελίγοντο,
1138 4323 1275 4393 ἀνήλισκον
1293 4323 1319 4376 δί
1332 4329 1395 4392 μνᾶς
1413 4321 1487 4376 δίκα·
1506 4325 1530 4376 οί
1549 4323 1576 4377 δί

205 4413 233 4465 τὸ
252 4411 358 4482 θητικὸν
371 4410 487 4484 οῦδεμίαν
505 4412 586 4482 ἀργήν
605 4412 684 4483 ήρχον
704 4411 760 4467 οῦδὲ
773 4412 909 4482 ἀνήλισκον
922 4411 1001 4465 οὐδέν.
1033 4411 1107 4480 (131)
1122 4408 1269 4480 Ἀνθεμίων
1288 4412 1315 4464 δί
1329 4411 1342 4465 δ
1355 4411 1459 4480 Διφίλου
1473 4410 1576 4465 καλλω-

205 4502 301 4563 πίζεται
319 4497 354 4554 δι’
368 4501 555 4571 ἐπιγράμματος
573 4497 612 4553 ότι
630 4499 680 4552 ἀπὸ
699 4506 743 4553 τοῦ
763 4498 871 4569 θητικοῦ
890 4499 978 4558 τέλους
996 4501 1031 4559 είς
1047 4501 1093 4570 τήν
1106 4499 1200 4552 ἱππάδα
1220 4500 1336 4571 μετέστη,
1355 4502 1398 4553 καί
1411 4499 1489 4552 είκῶν
1509 4500 1576 4553 ἔστιν

205 4591 230 4643 ἐν
250 4587 386 4659 ἀκροπόλει
403 4589 478 4647 ίππος
496 4587 565 4659 ἀνδρὶ
583 4589 763 4658 παρεστηκώς·
786 4589 877 4641 καὶτὸ
896 4587 1040 4658 ἐπίγραμμα
1060 4586 1180 4659 ,Διφίλου
1196 4583 1341 4656 Ἀνθεμίων
1360 4586 1428 4639 τόνδ’
1450 4585 1577 4658 ἀνέθηκεν

205 4677 280 4743 θεοῖς,
300 4675 407 4747 θητικοῦ
426 4678 481 4729 ἀντί
498 4674 588 4733 τέλους
605 4673 695 4728 1ππάδ’
710 4675 906 4746 ἀμειψάμενος“.

295 4767 384 4819 Λαιετ.
404 4763 492 4819 Pom*
509 4767 548 4818 11.
569 4763 694 4818 12821129
714 4768 760 4834 της
778 4765 822 4833 μέν
842 4765 978 4836 ἐκκλησίας
997 4765 1130 4834 μετέχουσι
1148 4765 1190 4816 καί
1209 4763 1356 4833 βουλεῦουσι
1374 4764 1417 4817 καί
1434 4762 1578 4826 δικάζουσιν

206 4854 256 4907 ἀπὸ
280 4861 377 4924 μικρῶν
401 4855 551 4924 τιμημάτων
574 4853 682 4922 κοίτης
706 4853 832 4926 τυχοῦσης
856 4853 962 4925 ήλικίας,
989 4853 1135 4921 ταμιεθουσι
1157 4852 1184 4905 δί
1209 4854 1252 4905 καί
1275 4857 1442 4925 στρατηγοῦσι
1465 4853 1510 4903 καί
1532 4855 1578 4910 τάς

207 4943 323 5011 μεγίστας
342 4944 422 5013 ἀρχὰς
440 4944 559 5015 ἄρχουσιν
578 4941 626 4995 ἀπὸ
646 4940 771 5012 μεγάλων.
