3496 5610
402 1321 754 1391 ΑΡΙΣΤΟΤΕΛΟΥΣ
783 1321 1027 1388 ΑΘΗΝΑΙΩΝ
1057 1319 1276 1389 llOAlTElA

1435 1494 1491 1549 Pap.
1504 1492 1576 1539 Lond.

298 1571 322 1635 Ι.
347 1608 388 1615 -
411 1608 452 1616 —
477 1567 618 1651 Μύρωνος
634 1566 697 1632 καθ’
719 1569 805 1648 ἱερῶν
822 1566 981 1650 ὀμόσαντες
998 1567 1171 1651 ἀριστίνδην.
1207 1567 1461 1650 καταγνωσθέντος
1473 1575 1524 1643 ρ.1

215 1675 246 1737 δὲ
269 1679 319 1736 τοῦ
343 1673 429 1755 ἄγους
452 1671 564 1756 α[ό]τοί
588 1673 639 1750 μὲν
663 1671 696 1734 ἐκ
719 1675 776 1733 τῶν
799 1673 900 1754 τάρων
924 1670 1135 1756 ἐξεβλήθησαν,
1162 1670 1195 1733 τδ
1219 1673 1251 1733 δὲ
1274 1672 1355 1753 γένος
1377 1671 1474 1736 αὐτῶν

214 1775 317 1859 ἔφυγεν
334 1777 493 1860 ἀειφυγίαν.
525 1773 745 1860 Ἐ[πι]μενι’δης
761 1773 788 1838 δ’
809 1776 824 1838 ό
842 1771 924 1858 Κρὴς
947 1774 995 1836 ἐπί
1018 1774 1129 1842 τούτοις
1152 1774 1282 1859 ἐκάθηρε
1304 1778 1356 1859 τὴν
1379 1775 1474 1841 πόλιν.

300 1882 338 1945 ΙΙ.
363 1881 437 1964 μετὰ
460 1882 492 1943 δὲ
515 1884 605 1942 ταῦτα
628 1880 737 1962 συνέβη
762 1880 916 1942 στασιάσαι
939 1879 1005 1946 τοός
1028 1902 1059 1940 τε
1075 1877 1235 1961 γνωρίμους
1251 1879 1299 1941 καί
1315 1881 1347 1942 τό
1363 1881 1477 1964 πλῆθος
1517 1887 1528 1944 l

182 1985 302 2052 οπολίιν
336 1984 442 2067 χρόνον
477 1981 537 2069 [τὸν
571 1980 687 2068 δῆμονγῖ.
775 1982 811 2066 ἧν
839 1983 893 2067 γὰρ
922 1982 1018 2047 αὐτῶν
1046 1983 1064 2063 ἡ
1089 1982 1219 2044 πολιτεία
1243 1987 1301 2051 τοῖς
1324 2007 1355 2047 τε
1377 1982 1476 2053 ἄλλοις
1513 1993 1529 2049 2

216 2089 388 2173 δλιγαρχικὴ
412 2092 492 2166 πᾶσι,
515 2089 565 2152 καὶ
588 2089 624 2169 δὴ
649 2088 696 2149 καὶ
719 2086 871 2149 ἐδούλευον
895 2087 922 2148 οἱ
939 2084 1060 2169 πένητες
1083 2091 1142 2154 τοῖς
1159 2086 1308 2155 πλουσίοις
1330 2089 1378 2150 καὶ
1393 2088 1476 2152 αὐτοὶ

216 2194 261 2255 καί
285 2191 321 2254 τὰ
344 2191 430 2254 τέκνα
453 2193 500 2254 καί
523 2192 553 2253 αἱ
576 2196 717 2272 γυναῖκες.
755 2194 801 2254 καὶ
824 2190 982 2254 ἐκαλοῦντο
1002 2191 1124 2252 πελάται
1144 2190 1193 2253 καὶ
1209 2190 1378 2274 ἑκτήμοροι·
1402 2194 1476 2257 κατὰ

218 2296 321 2378 ταύτην
344 2296 399 2380 γὰρ
421 2296 473 2378 τὴν
503 2282 644 2375 μίσθωόιν
673 2291 861 2380 [η’]ργάζοντο
884 2301 941 2357 τῶν
970 2293 1116 2357 πλουσίων
1144 2294 1211 2361 τοὺς
1238 2294 1352 2378 άγροός.
1402 2298 1421 2380 ἡ
1445 2297 1477 2360 δὲ

217 2404 297 2461 πᾶσα
323 2404 360 2481 γῆ
389 2397 424 2460 δι’
453 2398 557 2480 δλίγων
585 2396 633 2481 ἦν·
663 2399 711 2460 καὶ
738 2399 765 2460 εί
793 2397 833 2480 μὴ
861 2396 912 2466 τὰς
939 2397 1101 2478 μισθώσεις
1127 2396 1307 2479 ἀποδιδοῖεν,
1335 2399 1477 2481 ἀγώγιμοι

172 2525 198 2570 ιο
216 2505 263 2566 καὶ
286 2505 367 2565 αὐτοὶ
391 2505 439 2565 καὶ
462 2505 489 2565 οἱ
514 2503 613 2569 παῖδας
637 2501 789 2584 ἐγίγνοντο.
823 2503 870 2563 καί
894 2502 921 2563 οἱ
937 2502 1086 2582 δανεισμοὶ
1102 2505 1188 2563 πᾶσιν
1204 2501 1251 2562 ἐπὶ
1268 2505 1328 2568 τοῖς
1345 2504 1476 2584 σώμασιν

218 2608 290 2692 ἦσαν
318 2607 406 2690 μέχρι
433 2606 581 2674 Σόλωνος·
616 2603 700 2674 οότος
731 2608 763 2668 δὲ
796 2612 910 2689 πρῶτος
944 2604 1057 2686 ἐγένετο
1092 2608 1142 2667 τοῦ
1177 2603 1271 2687 δήμου
1305 2606 1477 2689 προστάτης.

217 2714 425 2796 χαλεπώτατον
450 2712 503 2794 μὲν
526 2708 576 2772 οὖν
599 2711 647 2772 καί
671 2709 842 2793 πικρότατον
866 2707 901 2793 ἦν
925 2714 985 2778 τοῖς
1007 2711 1124 2777 πολλοῖς
1148 2714 1205 2770 τῶν
1229 2708 1302 2770 κατὰ
1324 2711 1377 2792 τἠν
1401 2712 1480 2772 πολι·
1513 2717 1529 2772 3

249 2884 354 2936 Titulus
374 2886 401 2936 in
416 2884 435 2935 L
455 2882 545 2935 nullus
565 2887 614 2945 est,
634 2885 729 2936 nedum
749 2886 776 2936 in
791 2883 820 2936 B.
852 2888 926 2936 extat
944 2879 1143 2952 (Ἀριστοτέλους
1159 2878 1306 2952 Ἀθηναίων
1319 2858 1486 2961 aolrrtlaffcp
1505 2883 1532 2935 la

166 2974 282 3039 catalogo
303 2979 361 3023 tert.
383 2989 407 3039 p.
421 2972 448 3023 G.
469 2987 536 3023 saec.
556 2971 679 3038 (Zindel,
699 2972 786 3024 Κλεώ,
810 2972 875 3023 Mne.
900 2972 974 3034 1866,
994 2987 1019 3038 p.
1033 2970 1103 3034 432),
1126 2986 1204 3038 quem
1230 2987 1263 3023 ex
1287 2972 1344 3038 ipso
1368 2970 1446 3022 titulo
1471 2970 1533 3022 libri

167 3062 351 3127 transcriptum
371 3078 428 3112 esse
449 3060 590 3112 verisimile
609 3066 661 3123 est3
681 3060 740 3126 plus
760 3061 936 3129 quinquagies
955 3059 1025 3127 apud
1040 3059 1282 3128 Harpocrationem,
1302 3059 1384 3110 vicies
1397 3065 1424 3110 et
1442 3064 1536 3127 quater
1557 3090 1559 3094 »

166 3165 221 3201 cum
235 3149 347 3201 articulo
367 3144 435 3219 (Ἀρ.
450 3149 476 3200 ἐν
489 3152 523 3220 τη
535 3144 592 3199 ‘Au
607 3147 682 3212 πολ),
703 3149 784 3200 vicies
805 3154 830 3202 et
850 3149 991 3218 quinquies
1010 3149 1067 3200 sine
1086 3154 1135 3200 art.
1154 3142 1218 3219 (Ἄρ.
1232 3147 1257 3199 lv
1275 3143 1334 3199 ’Au
1348 3145 1425 3210 πολ),
1445 3147 1485 3199 bis
1503 3146 1534 3198 ἐκ

165 3242 209 3306 τῆς
226 3234 415 3309 Ἀριστοτέλους
431 3232 489 3287 Ἀθ.
509 3234 565 3288 πολ.
604 3237 734 3304 reperitur
756 3238 834 3289 etiam
859 3254 916 3289 cum
941 3235 1053 3288 articulo
1078 3236 1106 3288 in
1126 3237 1177 3287 lex.
1197 3238 1262 3288 rhet.
1282 3235 1405 3288 Cantaba
1426 3233 1533 3296 667,ἳὸ;

166 3326 271 3390 6ίο,3θ;
292 3326 400 3387 672,“20;
421 3324 512 3391 olam
533 3324 582 3376 lex.
604 3324 675 3377 llem.
695 3324 778 3377 Patm.
802 3325 858 3387 15⁶2,
879 3325 960 3377 schol.
980 3326 1007 3376 in
1027 3324 1163 3391 Aristoph.
1182 3324 1252 3376 Plul.
1271 3323 1332 3390 278,
1350 3322 1450 3376 Zenob.
1464 3320 1533 3390 6:29,

167 3413 249 3481 Elym.
269 3415 336 3481 δίας.
356 3413 464 3478 468,56;
494 3414 551 3464 sine
576 3419 624 3464 art.
647 3415 675 3465 in
698 3414 778 3465 schol.
803 3415 831 3465 in
858 3414 901 3466 Ar.
927 3413 991 3465 Ach.
1010 3411 1070 3477 234,
1096 3411 1193 3481 Lysisl.
1213 3412 1273 3464 666.
1314 3412 1395 3464 semel
1423 3412 1535 3463 occurrit

163 3498 338 3572 'rlpmrotlllqc
356 3502 382 3554 ἐν
400 3503 434 3572 τη
451 3501 563 3570 πολιτείᾳ
582 3508 634 3553 τών
650 3497 797 3572 Ἀθηναίων
817 3505 883 3570 (arg.
902 3502 935 3554 ad
954 3501 1034 3555 lsocr.
1053 3502 1205 3569 Areopag.);
1224 3499 1307 3553 semel
1327 3501 1396 3571 ἐντγγ
1411 3494 1535 3552 τώνἈθ.

167 3591 220 3643 πολ.
240 3591 333 3655 (schol.
353 3592 382 3643 in
401 3593 445 3642 Ar.
465 3591 512 3641 Δν.
535 3590 613 3655 1354)
759 3592 772 3642 1
793 3590 975 3657 suprascripta
993 3596 1034 3643 est
1053 3588 1141 3641 littera
1160 3591 1192 3653 A,
1216 3590 1349 3655 scriptura
1371 3588 1499 3640 crassiore

167 3677 397 3747 καταγνωσθέντος]
416 3677 511 3746 θαρθεν
531 3694 662 3745 suprascr.
683 3678 722 3743 L',
742 3695 778 3731 sc.
797 3675 969 3746 καθαρθέντος
1081 3677 1159 3729 oria
1178 3674 1270 3746 δῆμον]
1290 3675 1439 3743 delendum,
1458 3676 1536 3743 quasi

168 3769 373 3820 emendationem
387 3770 419 3819 ad
433 3766 462 3820 τό
476 3766 574 3836 πλῆθος
586 3767 614 3818 in
627 3767 768 3834 archetypo
782 3766 896 3818 additam
970 3768 985 3817 o
999 3766 1064 3832 alai)
1079 3775 1138 3834 post
1151 3764 1181 3835 δὴ
1195 3781 1246 3818 om.
1260 3764 1302 3831 L',
1322 3779 1453 3832 suprascr.
1468 3763 1499 3816 L¹

169 3856 200 3908 10
217 3873 328 3924 εγινοντο
348 3855 380 3917 Ι.;
402 3856 433 3907 cl.
453 3856 623 3908 llieislerlmns
644 3856 662 3917 ³,
683 3871 709 3922 p.
725 3854 773 3906 177

254 3994 419 4046 Tmsrrsronru
456 3992 538 4062 lisqq.
560 3996 629 4048 Plnt.
649 3995 702 4048 Sol.
720 3995 750 4047 13
778 3995 843 4054 ἅπας
862 3997 973 4066 μὲνγὰρ
993 3995 1006 4047 ό
1026 3995 1105 4064 δῆμος
1127 3994 1159 4065 ἠν
1178 3994 1309 4066 ὐπόχρεως
1327 3999 1380 4047 τῶν
1400 3994 1535 4049 πλουσίων.

167 4079 246 4151 ἡγὰρ
265 4082 405 4151 ἐγεώργουν
424 4082 528 4140 ἐκείνοις
547 4083 609 4136 ἕκτοι
633 4091 685 4136 τῶν
710 4088 849 4153 γινομένων
876 4083 1015 4150 τελοῦντες,
1039 4084 1177 4153 ἑκτίγμοροι
1200 4082 1359 4154 (ἑκτημόριοι
1383 4085 1451 4149 libri,
1470 4100 1536 4137 corr.

170 4170 275 4233 Koraos)
300 4172 541 4241 προσαγορευόμενοι
561 4173 603 4225 καί
628 4173 712 4239 θῆτες,
736 4174 751 4241 ἢ·
775 4175 839 4243 χρία
862 4173 1034 4242 λαμβάνοντες
1058 4173 1097 4224 ἐπὶ
1120 4181 1172 4229 τοῖς
1202 4172 1315 4240 σώμασιν
1339 4172 1462 4241 ἀγώγιμοι
1486 4178 1538 4229 τοῖς

171 4255 318 4320 δανείζουσιν
338 4258 411 4328 ἦσαν,
435 4261 459 4311 ol
478 4262 523 4327 μὲν
542 4261 618 4313 αὑτοῦ
642 4259 812 4326 δουλεὺοντες,
835 4262 858 4312 ol
881 4260 909 4312 δ’
926 4261 966 4313 tal
989 4263 1036 4330 τὴν
1061 4258 1132 4328 ξένην
1155 4261 1354 4331 πιπρασκόμενοι
1377 4259 1483 4327 (ultima
1505 4277 1538 4313 cx

172 4345 275 4400 Solonis
295 4349 382 4399 verbis
406 4352 511 4415 sumpta
530 4348 598 4400 inira
617 4351 644 4401 iu
664 4366 722 4417 cap.
736 4349 787 4402 Xll
808 4352 840 4402 ab
860 4350 1001 4402 Aristotele
1021 4349 1127 4412 allatis).
1159 4349 1233 4400 Phot.
1255 4347 1376 4400 πελάταιί
1390 4350 1435 4411 (=
1455 4347 1537 4401 schol.

172 4433 235 4487 Plat.
256 4436 402 4503 Euthyphr.
422 4436 438 4486 l
456 4438 501 4502 C):
530 4437 636 4489 πελάται
656 4439 727 4501 (είσλν
751 4440 809 4490 add.
834 4437 941 4503 scbol.):
970 4439 994 4490 ol
1012 4438 1080 4507 παρὰ
1098 4444 1149 4494 τοῖς
1167 4435 1272 4504 πλησίον
1292 4434 1460 4505 ἐργαζόμενοι.
1494 4437 1538 4488 καὶ

172 4522 244 4592 θῆτες
262 4524 286 4576 el
304 4523 376 4576 αὐτοὶ
394 4523 431 4587 (tt
450 4525 510 4576 add.
530 4526 623 4589 schol.)
648 4530 690 4580 καὶ
709 4527 854 4597 όκτημοροι,
879 4524 962 4596 ἐπειδὴ
988 4526 1053 4592 (ἐπεί
1071 4525 1162 4588 schol.)
1187 4524 1254 4592 ἕκτῳ
1273 4526 1342 4593 μέρει
1360 4529 1414 4576 τῶν
1431 4531 1538 4594 καρπῶν

173 4611 312 4682 εἰργάζοντο
336 4614 382 4682 τἠν
410 4617 465 4680 γῆν.
511 4614 614 4665 Phot.¹1
648 4615 765 4666 πελάταιτ
794 4616 817 4667 οἰ
846 4614 931 4684 μισθῷ
954 4613 1121 4674 δουλείιυντες,
1151 4613 1203 4666 ἐπεὶ
1227 4612 1255 4664 τό
1280 4611 1356 4668 τίλας
1380 4612 1459 4681 ἐγγύς,
1488 4612 1539 4666 οίον

174 4699 270 4770 ἔγγιστα
293 4700 334 4753 διὰ
356 4701 443 4753 πενίαν
466 4703 616 4770 προσιόντες.
643 4699 828 4775 Ἀριστοτέλης.
857 4705 1003 4771 (perperam
1024 4700 1310 4754 Kaibel·Wilamowitz
1334 4700 1401 4753 hanc
1425 4701 1537 4770 glossam

175 4788 204 4840 ad
223 4791 426 4857 Aristophanem
447 4789 604 4856 Byzantium
626 4791 759 4857 relcrunt).
838 4791 1017 4844 Polllll165
1037 4791 1175 4861 ἑκτημοροι
1193 4784 1219 4841 δ’
1239 4788 1262 4840 ol
1280 4787 1384 4840 πελάται
1402 4792 1470 4860 παρὰ
1488 4798 1540 4850 τοῖς

174 4873 295 4935 Ἀττικοῖς.
333 4879 445 4947 llesyclr.
465 4880 615 4947 ἐκτίγμοροιτ
636 4879 658 4930 oi
678 4879 746 4949 ἐ’κτιμ
766 4881 834 4950 μέρει
852 4879 899 4948 την
913 4883 958 4948 γῆν
972 4885 1149 4948 γεωργοῦντες.
1182 4876 1219 4928 ld.
1236 4877 1381 4946 ἐπίμορτοςι
1401 4879 1540 4951 ἐκτήμοροι

174 4964 195 5016 cl
211 4967 240 5019 τὸ
258 4966 334 5019 ἕκτον
353 4967 492 5024 τελοῦντες.

1302 5072 1336 5124 γ.
