3510 5610
295 317 337 384 46
502 318 726 374 ARISTOTELIS
745 318 810 372 RES
829 317 978 372 PUBLIGA
997 317 1258 372 ATHENIENSIUM
1275 317 1456 371 XL1112-4

350 507 379 576 ἓξ
407 513 455 574 καὶ
481 496 633 595 λῆμέρας
659 512 779 596 ἑκάστη,
815 512 845 574 αἱ
874 512 905 573 δὲ
931 509 949 580 ξ
975 511 1005 573 αἱ
1034 510 1150 593 ὕστεραι
1174 507 1192 570 ἒ
1220 511 1267 571 καὶ
1292 493 1311 572 λ
1335 508 1446 591 ἠμέρας
1468 507 1667 590 ἑκάστημῖκ

348 613 422 676 κατὰ
446 615 570 698 σελήνην
593 614 648 698 γὰρ
671 613 790 696 άγουσιν
813 613 890 698 τὸ[ν]
915 613 1052 676 ἐνιαυτόν.
1143 614 1169 675 οἱ
1198 614 1230 675 δὲ
1257 612 1482 696 πρυτανεόοντες
1512 611 1611 674 αὐτῶν
1651 621 1667 675 3

348 724 462 801 πρῶτον
493 720 544 800 μἐν
572 724 755 782 συσσιτοῦσιν
787 719 816 781 ἐν
850 723 886 800 τῆ
922 717 1015 802 θόλιμ,
1049 718 1246 802 λαμβάνοντες
1280 717 1413 801 ἀργύριον
1447 715 1526 798 παρά
1560 721 1614 798 τῆς

349 823 471 900 πόλεως,
511 819 612 884 ἔπειτα
649 827 818 905 συνάγουσιν
852 824 900 885 καὶ
932 824 984 904 τὴν
1020 822 1127 906 βουλὴν
1160 823 1208 884 καὶ
1242 823 1291 884 τὸν
1324 823 1431 903 δῆμον·
1471 821 1523 903 τῆν
1560 820 1613 901 μὲν

312 921 396 990 οοῦν
434 925 541 1009 βουλὴν
580 922 646 987 όσαι
682 925 800 1010 ῆμέραι,
837 926 912 1008 πλὴν
951 925 1001 987 ἐάν
1035 948 1076 993 τις
1110 925 1253 1008 άφέσιμος
1290 921 1321 1006 ᾖ,
1361 925 1409 987 τὸν
1447 925 1480 986 δὲ
1517 925 1612 1006 δῆμον

347 1030 477 1111 τετράκις
500 1033 551 1110 τῆς
580 1032 752 1112 πρυτανείας
778 1031 912 1111 ἑκάστης.
957 1029 1006 1091 καὶ
1034 1027 1089 1091 όσα
1117 1030 1162 1090 δεῖ
1189 1028 1379 1113 χρηματίζειν
1413 1027 1466 1109 τὴν
1501 1027 1613 1112 βουλὴν

347 1134 396 1195 καὶ
430 1132 447 1194 ό
474 1156 499 1194 τι
528 1131 558 1193 ἐν
592 1133 703 1218 ἑκάστη
731 1139 768 1216 τῆ
801 1133 899 1217 ἡμέρα
933 1133 981 1196 καὶ
1016 1131 1088 1195 ὅπου
1123 1134 1252 1204 καθίζειν
1287 1130 1366 1195 οὗτοι
1401 1131 1613 1215 προγράφουσι.

348 1236 546 1320 προγράφουσι
568 1237 600 1298 δὲ
623 1238 744 1305 καὶτὰς
767 1237 961 1322 ἐκκλησίας
983 1235 1077 1299 οὖτοι·
1102 1237 1169 1318 μίαν
1193 1237 1245 1319 μὲν
1269 1236 1367 1320 κυρίαν
1391 1229 1464 1318 ἑνῆ
1491 1236 1539 1296 δεῖ
1557 1234 1611 1302 τὰς
1649 1242 1667 1296 4

347 1338 442 1423 ἀρχάς
469 1338 694 1423 ἐπιχειροτονεῖν
721 1341 747 1402 εί
775 1343 893 1403 δοκοῦσι
921 1343 1018 1406 καλῶς
1045 1338 1162 1424 ἄρχειν,
1190 1340 1238 1402 καὶ
1266 1341 1331 1424 περὶ
1359 1340 1439 1402 σίτου
1469 1340 1517 1401 καὶ
1546 1342 1613 1422 περὶ

296 1463 327 1511 10
346 1445 478 1526 φυλακῆς
500 1446 552 1525 τῆς
575 1446 678 1528 χώρας
699 1443 899 1528 χρηματίζειν,
927 1443 976 1506 καλ
1002 1442 1054 1511 τὰς
1075 1442 1255 1525 εἰσαγγελίας
1283 1442 1312 1504 ἐν
1335 1443 1426 1525 ταότη
1449 1446 1487 1525 τῆ
1513 1441 1613 1526 ῆμέραγ

295 1633 304 1683 l
328 1652 343 1693 ς
362 1632 407 1699 Ι),
426 1631 452 1692 εξ
473 1629 504 1684 Ι)
646 1651 719 1685 πεντε
738 1633 783 1698 Ι),
802 1651 813 1686 ε
832 1632 865 1684 L⁴
1008 1631 1023 1684 3
1044 1647 1098 1684 συσι
1116 1636 1134 1696 (ι
1153 1648 1232 1699 ευμεν
1250 1648 1300 1684 ras.
1321 1630 1336 1682 2
1357 1631 1418 1696 litt.)
1437 1649 1521 1685 τυυσιν
1541 1631 1562 1683 L

291 1739 323 1789 τη
344 1721 364 1773 L
472 1738 576 1792 αργυρια
594 1720 643 1785 Ι),
661 1737 728 1774 corr.
746 1721 781 1772 L*
923 1720 938 1774 5
958 1719 1001 1772 οὖν
1020 1737 1070 1772 orn.
1089 1720 1169 1788 Πετμ.
1190 1720 1246 1791 (την
1265 1724 1310 1789 μέν
1330 1719 1413 1773 codex
1432 1720 1468 1780 N;
1487 1727 1550 1772 cett.
1570 1721 1587 1789 ἡ
1607 1721 1667 1790 τὴν)

292 1809 373 1871 K-W‚
394 1809 433 1872 Bl,
453 1808 483 1869 ὃς
503 1809 548 1862 sed
568 1808 599 1861 cf.
620 1809 723 1873 Bonitz,
742 1809 799 1862 Ind.
820 1807 936 1863 540b42
947 1825 1004 1877 sqq.
1112 1825 1234 1878 οσημεραι
1254 1810 1333 1876 Ηοτρ.
1442 1809 1496 1874 ἐὰν]
1517 1827 1577 1862 εναν
1598 1810 1618 1862 L

292 1896 307 1948 6
326 1898 453 1968 τετράκις]
473 1913 582 1967 εκαστης
600 1897 642 1964 Ι),
662 1913 727 1950 corr.
748 1897 780 1949 Ι)
922 1897 1071 1970 χρηματιζει
1091 1895 1110 1947 L
1254 1897 1383 1967 Ιεκαστη
1404 1895 1448 1961 Ι),
1468 1916 1476 1949 ι
1494 1898 1556 1949 add.
1577 1897 1611 1950 Ι)

293 2002 323 2054 τη
344 2002 426 2054 ημερα
444 1984 465 2037 Ι
631 2005 669 2039 οτι
688 2004 717 2039 ου
737 1984 835 2046 καθιζει
854 1985 883 2049 L,
903 2000 967 2037 εοιτ.
987 1986 1058 2037 K·W
1220 1984 1246 2037 δε
1265 1995 1326 2053 post
1344 2002 1515 2056 προγράφουσι
1534 1986 1578 2055 Ι),
1598 2003 1668 2041 corr.

291 2073 361 2125 inter
379 2073 547 2126 scribendum
569 2073 601 2125 Ι)
742 2070 956 2144 8προγραφουσι]
978 2090 1037 2142 φρο-
1058 2072 1101 2137 Ι),
1120 2089 1185 2125 corr.
1203 2072 1236 2123 Ι)
1344 2074 1400 2146 ηΙ,
1545 2076 1668 2146 9χειρο-

267 2151 270 2155 ’
291 2176 371 2212 τονειν
390 2158 436 2224 Ι),
455 2178 546 2233 επιχει-
566 2158 611 2225 L⁴;
631 2161 744 2234 ἀπυχειρ.
764 2162 785 2214 ιέ
804 2161 871 2225 (cod.
886 2160 917 2225 N,
937 2165 999 2213 cett.
1012 2161 1045 2224 οἳ)
1065 2160 1119 2213 δοκ.
1134 2160 1168 2231 μῆ
1184 2161 1264 2228 Ηατρ,
1348 2193 1350 2197 ⁴
1372 2180 1438 2231 εχειν
1452 2162 1493 2228 Ι),
1512 2179 1580 2216 corr.
1596 2161 1630 2214 L⁴

291 2263 374 2300 σειτου
393 2248 413 2300 L
559 2250 591 2302 10
610 2249 774 2319 εισαγγελειας
793 2249 814 2300 L
957 2267 1036 2319 ταυτη
1055 2267 1087 2318 τη
1107 2266 1190 2318 ημερα
1209 2248 1229 2300 L

292 2423 400 2493 ἑκάστην
419 2425 542 2494 τέσσαρες.
580 2424 641 2476 δέκα
660 2423 679 2475 δ’
696 2424 779 2476 οὐσῶν
789 2421 909 2493 Ἀθήνησι
927 2422 1014 2492 φυλῶν
1034 2423 1200 2492 έπρυτάνευυν
1220 2423 1245 2474 αἱ
1264 2423 1309 2491 μέν
1328 2428 1426 2491 πρῶται
1445 2423 1568 2496 λαχοῦσαι
1587 2425 1669 2495 φυλαὶ

290 2511 405 2582 τέσσαρες
427 2512 474 2564 ἀνά
492 2513 628 2583 τριάκοντα
646 2511 673 2573 ἐξ
692 2513 795 2582 ἡμέρας,
818 2513 843 2564 αἱ
862 2511 888 2564 δέ
911 2511 995 2564 λοιπαί
1013 2510 1039 2569 ἐξ
1059 2511 1105 2562 ἀνὰ
1125 2512 1260 2579 τριάκοντα
1279 2513 1365 2563 πέντε·
1390 2513 1453 2580 μετὰ
1477 2513 1521 2565 σόν
1540 2515 1587 2572 τάς
1605 2515 1666 2585 ιδρι-

290 2601 380 2669 σμένας
398 2606 444 2654 τοῦ
463 2600 545 2672 δῆμου
569 2602 686 2660 συνόδους
709 2601 735 2653 ἐν
758 2609 809 2658 ταῖς
829 2599 974 2670 ἐκκλησίαις
998 2600 1061 2652 εἴτι
1080 2600 1217 2667 ἀναγκαῖον
1236 2600 1339 2668 ἐμπέσοι
1358 2606 1467 2669 πρᾶγμα,
1491 2604 1547 2672 περὶ
1571 2602 1600 2655 οὗ
1621 2604 1666 2657 τδν

290 2688 371 2758 δῆμον
390 2691 467 2762 ἐχρῆν
487 2688 640 2743 συνελθόντα
658 2697 761 2759 γνῶναι,
781 2688 921 2760 σόγκλητος
938 2689 1035 2756 ἐγένετο
1055 2688 1184 2758 ἐκκλησία.

380 2777 395 2828 2
432 2777 629 2831 Poll.V11195
671 2779 815 2849 πρυτάνειςτ
854 2776 922 2830 οὗτοι
945 2777 992 2847 τῆν
1022 2775 1116 2846 βουλῆν
1144 2778 1289 2846 συνάγουσιν
1318 2775 1447 2847 ὁσημέραι,
1474 2777 1541 2848 πλὴν
1566 2779 1596 2830 ἅν
1625 2799 1663 2838 τις

292 2865 384 2937 άφετυς
402 2860 428 2938 ᾖ,
451 2865 495 2918 τὸν
514 2865 540 2918 δέ
559 2866 640 2936 δῆμον
658 2869 774 2937 τετράκις
793 2867 900 2936 ἑκάστης
922 2866 1078 2936 πρυτανείας.
1110 2867 1153 2917 καὶ
1174 2867 1344 2936 προγράφουσι
1363 2864 1411 2934 πρὸ
1437 2869 1483 2935 τῆς
1505 2866 1599 2937 βουλῆς
1619 2871 1663 2921 καλ

290 2952 338 3024 πρὸ
360 2957 406 3023 τῆς
431 2952 568 3024 ἐκκλησίας
594 2953 656 3025 δπέρ
684 2955 721 3008 ὧν
749 2955 786 3008 δεῖ
812 2954 983 3026 χρηματίζειν.
1020 2960 1072 3005 τῶν
1097 2949 1117 3005 δ’
1136 2952 1278 3023 ἐκκλησιῶν
1300 2954 1317 3022 ῆ
1341 2954 1386 3019 μέν
1409 2954 1496 3026 κυρία,
1521 2955 1547 3006 ἐν
1573 2952 1590 3028 η’
1616 2957 1662 3015 τὰς

290 3042 369 3113 ἀρχὰς
388 3042 622 3115 ἐπιχειροτσνοίνσιν,
648 3044 716 3114 εἴπερ
735 3043 821 3101 καλῶς
845 3043 972 3116 ἄρχουσιν,
994 3042 1011 3114 ἡ
1032 3044 1275 3114 άπυχειροτυνοῦσιν,
1299 3042 1324 3093 ἐν
1347 3037 1363 3113 ᾗ
1384 3043 1489 3100 καὶτὰς
1507 3043 1662 3113 εἰσαγγελίας

290 3129 303 3182 δ
323 3129 476 3200 βουλόμενος
494 3132 644 3202 εἰσαγγέλλει
663 3135 706 3185 καὶ
724 3133 769 3191 τὰς
791 3133 938 3202 ἀπογραφάς
961 3137 1014 3184 τῶν
1039 3132 1220 3201 θηρευομένων
1244 3130 1457 3201 ἀναγινώσκουσιν
1483 3133 1506 3184 οἱ
1524 3131 1588 3203 πρὸς
1606 3141 1662 3191 ταῖς

289 3218 369 3278 δίκαις
387 3221 430 3271 καὶ
448 3221 493 3278 τάς
511 3219 594 3292 λῆΕεις
612 3228 664 3274 τῶν
684 3222 796 3293 κληρων.
868 3221 923 3285 (96)
950 3221 966 3290 ῆ
987 3219 1013 3272 δέ
1037 3219 1140 3289 δευτέρα
1164 3218 1287 3290 ἐκκλησία
1306 3220 1401 3272 ἀνεῖται
1423 3228 1477 3278 τοῖς
1496 3221 1661 3291 βουλομένοις

290 3307 418 3377 ἱκετηρίαν
437 3307 550 3377 θεμένοις
568 3308 647 3378 λέγειν
667 3311 747 3367 ἀδεῶς
765 3310 822 3380 περί
839 3328 866 3361 τε
886 3315 937 3362 τῶν
958 3308 1027 3361 ίδίων
1047 3310 1160 3361 καὶτῶν
1180 3307 1317 3377 δημοσίων,
1337 3309 1353 3377 ἡ
1373 3309 1398 3361 δὲ
1416 3309 1487 3380 τρίτη
1507 3309 1597 3380 κήρυξι
1616 3313 1660 3364 καὶ

288 3397 428 3466 πρεσβείαις
447 3397 511 3458 ἀξιοῖ
528 3399 697 3470 χρηματίζειν,
722 3398 766 3456 οθς
790 3397 827 3451 δεῖ
849 3398 969 3470 πρότερον
988 3403 1039 3454 τοῖς
1058 3399 1205 3468 πρυτάνεσιν
1225 3395 1360 3450 ἀποδουναι
1378 3397 1410 3449 τὰ
1428 3398 1573 3467 γράμματα,
1596 3398 1613 3469 ῆ
1633 3398 1659 3450 δέ

288 3486 395 3554 τετάρτη
415 3485 471 3555 περὶ
491 3486 565 3556 ἱερῶν
584 3488 627 3538 καὶ
645 3486 730 3539 ὁσίων.

377 3573 393 3625 5
430 3574 511 3641 Ηαιμ.
531 3590 552 3626 s.
567 3590 591 3626 v.
615 3575 689 3643 κυρία
706 3573 840 3644 ἐκκλησίαι
861 3612 950 3626 .....
970 3575 1033 3632 τίνες
1053 3573 1079 3626 δέ
1097 3575 1124 3626 αἱ
1141 3574 1225 3643 κόριαι
1242 3572 1382 3646 ἐκκλησίαι,
1402 3569 1575 3644 Ἀριστοτέλης
1587 3573 1658 3644 δεδη-

288 3657 372 3712 λωκεν
391 3660 417 3712 ἐν
436 3679 467 3731 τη
485 3657 631 3731 Ἀθηναίων
650 3661 769 3730 πολιτείᾳ,
793 3660 875 3728 λέγων
899 3663 957 3719 τοὺς
981 3662 1114 3732 πρυτάνεις
1133 3663 1244 3729 συνάγειν
1263 3660 1309 3730 τὴν
1329 3661 1423 3732 βουλὴν
1441 3662 1485 3714 καὶ
1503 3662 1548 3714 τόν
1568 3661 1659 3733 δῆμον,

288 3747 304 3817 ῆ
323 3748 369 3818 τὴν
389 3749 459 3818 (lege
478 3750 522 3802 καλ
540 3751 586 3820 τῆν
605 3750 660 3818 μέν)
680 3749 774 3820 βουλὴν
793 3750 914 3821 δσημέραι
933 3750 1000 3821 πλὴν
1019 3752 1062 3804 ἐάν
1081 3769 1118 3808 τις
1135 3750 1255 3818 ἀφέσιμος
1273 3747 1299 3825 ᾗ,
1322 3751 1365 3803 τόν
1389 3750 1415 3802 δέ
1438 3750 1519 3820 δῆμον
1542 3754 1659 3823 τετράκις

287 3840 334 3905 τῆς
351 3838 500 3904 πρυτανείας
518 3839 634 3910 ἑκάστης.
670 3836 859 3910 ι(προγράφουσι
877 3842 1071 3911 (προσγράφουσι
1090 3839 1179 3906 codd.)
1198 3839 1233 3903 δέ,
1252 3839 1321 3908 φησί,
1340 3839 1383 3891 καὶ
1401 3838 1490 3909 κυρίαν
1509 3839 1658 3910 ἐκκλησίαν,

288 3923 314 3977 ἐν
333 3921 349 3994 ᾖ
369 3924 406 3978 δεῖ
423 3927 466 3984 τὰς
485 3928 564 3998 ἀρχὰς
582 3927 791 4001 ἀπυχειρυτονεῖν,
811 3929 833 3980 οἳ
846 3927 948 3981 δοκοῦσι
966 3928 1001 3999 μῆ
1021 3927 1109 3986 καλῶς
1121 3928 1215 4000 άρχειν,
1234 3929 1277 3980 καὶ
1290 3928 1345 3998 περὶ
1358 3926 1474 3997 φυλακῆς
1485 3932 1532 3998 τῆς
1543 3925 1657 4001 χώρας.”

287 4014 394 4070 καὶτὰς
413 4012 564 4083 εἰσαγγελίας
583 4015 608 4066 έν
627 4015 706 4086 ταδτη
726 4018 759 4089 τῆ
779 4015 861 4087 ἡμέρη
879 4015 938 4073 τσδς
956 4014 1125 4085 βουλομένους
1147 4013 1271 4068 ποιεῖσθαί
1289 4031 1349 4085 φησι
1368 4016 1411 4067 καλ
1430 4018 1462 4068 τὰ
1480 4015 1546 4086 ἑξῆς.
1584 4018 1657 4085 (Epi-

287 4107 376 4152 tomen
396 4116 479 4153 exscr.
501 4101 586 4154 Ρίιοδ.Ι
606 4102 699 4167 Suid.).
720 4135 752 4142 —
773 4105 835 4157 Lex.
857 4104 979 4157 Cantabr.
999 4104 1078 4169 6723
1098 4104 1171 4174 κυρία
1190 4105 1206 4174 ἡ
1226 4103 1360 4175 ἐκκλησίαι
1379 4101 1522 4175 Δημήτριος
1542 4104 1657 4176 δΦαλη-

287 4189 342 4258 ριδς
360 4187 386 4239 έν
405 4195 442 4258 τῷ
462 4187 570 4261 δευτέρῳ
589 4192 645 4261 περὶ
663 4196 709 4262 τῆς
725 4189 875 4262 Ἀθηναίων
895 4191 1043 4260 νομοθεσίας
1061 4193 1176 4260 spatium
1199 4191 1230 4244 12
1250 4191 1394 4245 litterarum
1418 4191 1521 4246 πλεῖστα
1544 4194 1657 4266 έχρημά·

287 4276 351 4336 τιζιν
370 4274 387 4345 ῆ
407 4276 509 4344 μέγιστα
528 4283 580 4329 τῶν
599 4286 706 4330 κοινῶν·
735 4279 791 4332 ἀλλ’
810 4280 868 4350 ἐνῆν
892 4279 933 4331 τὸν
956 4277 1087 4345 δεδεμένον
1111 4278 1193 4350 φησίν.
1231 4279 1337 4337 εέκάτως
1359 4276 1383 4332 δ’
1406 4280 1435 4332 ἅν
1454 4299 1491 4338 τις
1514 4281 1587 4352 αὐτῷ
1607 4285 1657 4336 ἐπι·

286 4364 424 4432 τιμησειεν·
444 4365 466 4417 εί
483 4367 529 4435 γὰρ
548 4365 578 4417 άν
597 4385 657 4420 ποτε
677 4368 764 4437 κυρίας
782 4366 919 4438 ἐκκλησίας
936 4367 995 4425 τυδς
1011 4362 1164 4437 Ἀθηναίους
1183 4369 1282 4434 νομίσαι
1300 4371 1325 4421 ἐν
1344 4370 1457 4435 spatium
1477 4369 1656 4424 Slitterarum

287 4449 405 4518 ἐμίσθουν
424 4455 538 4520 spatium
562 4454 593 4507 10
611 4454 757 4508 litterarum
781 4456 880 4523 ἄμεινον
904 4455 947 4508 οὖν
970 4453 1150 4526 Ἀριστοτέλει·
1179 4458 1224 4514 τὰς
1252 4458 1297 4524 γάρ
1325 4457 1405 4527 ἀρχὰς
1432 4457 1458 4508 ἐν
1481 4465 1536 4516 ταῖς
1559 4461 1657 4531 κυρίαις

287 4538 432 4609 ἐκκλησίαις
451 4540 528 4612 ἐφησε
551 4543 759 4615 χειροτονεῖσθαι·
788 4544 831 4596 καλ
855 4544 899 4602 τὰς
926 4544 1091 4614 εἰσαγγελίας·
1119 4545 1212 4597 καὶτὰ
1236 4543 1300 4597 ἀλλα
1323 4546 1379 4609 (τάς
1397 4545 1481 4604 άλλως
1500 4547 1568 4612 cod,
1588 4565 1656 4602 corr.

287 4629 378 4692 Meier)
397 4634 449 4681 τῶν
468 4631 613 4701 ἀναγκαίων
625 4633 801 4704 χρηματίζειν·
822 4634 865 4685 καὶ
883 4634 939 4702 περί
952 4633 1021 4687 σίτου
1039 4635 1095 4698 (καὶ
1111 4635 1166 4703 περὶ
1179 4635 1237 4686 add.
1252 4633 1340 4697 Maior>
1359 4632 1475 4704 φυλακῆς
1491 4639 1538 4705 τῆς
1555 4635 1655 4708 χώρας·

286 4718 330 4770 καὶ
348 4718 392 4775 τάς
411 4718 557 4790 ἀπογραφάς
575 4727 627 4773 τῶν
644 4721 825 4792 δημευομένων
845 4721 1037 4790 ἀναγινώσκειν·
1057 4724 1099 4774 καί
1113 4723 1157 4780 τὰς
1170 4721 1252 4793 λῆξεις
1270 4720 1366 4787 (δείξεις
1379 4722 1445 4787 cod,
1459 4739 1524 4776 corr.
1540 4724 1655 4792 Dobree)

286 4811 339 4857 τῶν
358 4804 474 4878 κλήρων·
499 4808 538 4860 ἐπὶ
560 4808 586 4860 δέ
610 4813 655 4878 τῆς
679 4809 754 4879 ἕκτης
773 4808 921 4880 πρυτανείας
939 4810 1001 4882 πρὸς
1020 4817 1071 4867 τοῖς
1091 4810 1230 4880 εἰρημένοις
1248 4809 1292 4861 καὶ
1310 4809 1366 4878 περὶ
1387 4814 1433 4879 τῆς
1456 4809 1656 4884 ὀστρακοφορίας

284 4894 479 4968 ἐπιχειροτονίαν
498 4895 608 4950 δίδοσθαι
627 4898 649 4950 εί
667 4896 739 4951 δοκεῖ
757 4901 847 4962 (ποιεῖν
866 4899 925 4951 add.
945 4898 1033 4964 Blass>
1051 4898 1067 4970 ῆ
1087 4899 1133 4968 μῆ.
1156 4928 1190 4937 -
1212 4898 1325 4966 Hesych.
1348 4898 1424 4968 κυρία
1447 4898 1586 4970 ἐκκλησίαι
1610 4903 1655 4972 μία

284 4983 359 5056 κυρία
377 4982 501 5056 ἐκκλησία
517 4985 593 5056 ῆγετο
611 4981 748 5058 Ἀθήνησιν
768 4987 793 5040 ἐν
812 4984 829 5060 η
847 4987 894 5046 τὰς
911 4987 991 5062 ἀρχὰς
1010 4987 1201 5061 ἐπιχειροτονεῖν
1219 4985 1275 5041 du.
