3510 5610
282 304 324 368 30
479 301 704 355 ARISTOTELIS
724 301 788 354 RES
808 300 955 355 PUBLIGA
977 302 1236 356 ATHENIENSIUM
1256 302 1362 356 XXVII
1380 303 1445 356 1-5

421 475 549 539 XXVII.
574 475 647 556 μετά
671 475 703 538 δὲ
725 479 814 538 ταῦτα
838 476 909 559 πρδτ
931 476 964 538 τδ
987 477 1171 559 δημαγωγεῖν
1194 474 1331 544 ἐλθόντος
1349 474 1525 560 Περικλέους
1549 475 1596 538 καὶ
1642 479 1653 536 l

334 583 448 660 πρῶτον
480 577 727 660 εὐδοκιμήσαντος
755 579 802 641 ότε
830 577 1011 662 κατηγόρησε
1038 578 1089 646 τάς
1115 578 1240 646 εὐθύνας
1270 575 1408 660 Κίμωνος
1436 601 1558 663 στρατη·
1581 587 1651 654 p.ll

334 686 452 763 γοῦντος
476 681 541 750 νέος
567 683 619 758 ὤν,
647 681 881 765 δημοτικωτέραν
908 680 950 744 ἔτι
978 682 1085 767 συνέβη
1112 681 1248 764 γενέσθαι
1276 683 1328 765 τῆν
1352 685 1511 746 πολιτείαν·
1548 683 1599 746 καὶ

334 786 389 868 γάρ
414 789 472 848 τῶν
492 784 709 868 Ἀρεοπαγιτῶν
737 783 799 848 ἔνια
826 785 980 869 παρείλετο
1007 787 1054 849 καὶ
1084 787 1208 868 μοίλιστα
1235 785 1413 869 προύτρεψεν
1436 787 1489 868 τὴν
1512 786 1598 849 πόλιν

301 907 315 955 ε
334 888 383 951 ἐπὶ
406 890 458 972 τὴν
481 891 617 972 ναυτικὴν
641 888 770 968 δύναμιν,
794 888 823 958 ἐξ
846 888 881 972 ῆς
905 889 1012 968 συνέβη
1037 890 1240 972 θαρρήσαντας
1256 887 1322 957 τούς
1338 888 1464 958 πολλούς
1480 890 1599 953 ἀπασαν

336 994 387 1075 τῆν
414 993 557 1055 πολιτείαν
582 995 692 1074 μᾶλλον
717 990 795 1073 οἴγειν
818 993 859 1060 είς
882 991 996 1060 αύτούς.
1084 991 1157 1074 μετὰ
1180 992 1213 1054 δέ
1235 992 1287 1075 τὴν
1311 992 1340 1054 ἐν
1364 991 1507 1074 Σαλαμῖνι
1531 1015 1601 1055 ναυ-
1638 999 1655 1054 2

336 1096 445 1180 μαχίαν
474 1096 537 1164 ἐνδς
564 1098 609 1159 δεῖ
635 1101 822 1180 πεντηκοστῷ
851 1093 909 1159 ἔτει
932 1096 980 1158 ἐπὶ
1004 1094 1185 1179 Πυθοδώρου
1210 1095 1351 1180 ἀρχοντος
1373 1095 1390 1158 ύ
1413 1097 1484 1181 πρὸς
1509 1095 1599 1160 Πελο-

334 1199 504 1281 ποννησίους
533 1197 635 1282 ἐνέστη
659 1197 796 1280 πόλεμος,
820 1198 850 1260 ἐν
874 1195 899 1282 ᾦ
925 1200 1144 1267 κατακλεισθεὶς
1169 1200 1184 1260 ό
1207 1200 1301 1282 δῆμος
1323 1200 1353 1262 ἐν
1376 1204 1420 1284 τῷ
1444 1200 1526 1263 ἄστει
1549 1201 1599 1263 καὶ

335 1302 518 1370 συνεθισθεὶς
540 1301 570 1363 ἐν
593 1305 656 1369 ταῖς
680 1302 839 1384 στρατείαις
863 1302 1064 1384 μισθοφορεῖν,
1087 1301 1122 1363 τά
1146 1302 1198 1383 μὲν
1215 1301 1290 1365 ἑκὼν
1308 1305 1342 1364 τὰ
1360 1303 1392 1365 δὲ
1409 1302 1488 1367 ἀκων
1506 1326 1600 1386 προη·

286 1424 316 1472 10
335 1409 412 1489 ρεῖτο
429 1406 480 1488 τῆν
496 1404 641 1467 πολιτείαν
657 1406 775 1468 διοικεῖν
791 1402 888 1472 αὐτός.
954 1403 1074 1486 ἐποίησε
1086 1404 1118 1466 δὲ
1131 1405 1178 1467 καὶ
1191 1403 1357 1489 μισθοφόρα
1372 1405 1406 1469 τδ
1423 1408 1596 1490 δικαστήρια
1634 1413 1650 1470 3

335 1507 479 1592 Περικλῆς
513 1513 638 1589 πρῶτος,
671 1508 917 1590 ἀντιδημαγωγῶν
951 1507 1022 1590 πρδς
1055 1508 1108 1590 τὴν
1136 1504 1273 1589 Κίμωνος
1306 1507 1452 1592 εὐπορίαν.
1497 1510 1514 1572 ύ
1543 1509 1598 1593 γάρ

335 1608 449 1692 Κίμων,
478 1611 531 1674 ἀτε
559 1611 727 1694 τυραννικὴν
755 1608 835 1694 ἔχων
863 1608 974 1683 οὐσίαν,
1008 1614 1123 1691 πρῶτον
1156 1611 1207 1694 μὲν
1230 1610 1281 1679 τὰς
1304 1611 1401 1680 κοινάς
1424 1613 1598 1696 λητουργίας

333 1714 502 1798 ἐλῃτούργει
529 1717 681 1796 λαμπρῶς,
710 1711 811 1776 ἔπειτα
837 1717 895 1774 τῶν
923 1714 1060 1795 δημοτῶν
1087 1710 1191 1798 ἔτρεφε
1213 1715 1351 1783 πολλούς·
1386 1715 1453 1798 ἐξῆν
1476 1717 1532 1801 γὰρ
1555 1721 1598 1800 τῷ

336 1819 506 1901 βουλομένιρ
532 1819 685 1881 Λακιαδῶν
713 1815 781 1879 καθ’
810 1816 936 1898 ἑκάστην
964 1816 1016 1899 τῆν
1039 1815 1150 1899 ἡμέραν
1173 1815 1289 1880 ἐλθόντι
1312 1815 1379 1899 παρ’
1407 1816 1494 1881 αὐτόν
1518 1817 1600 1904 ἔχειν

286 1941 315 1989 15
335 1921 371 1984 τὰ
395 1921 506 2004 μέτρια,
536 1918 577 1983 ἔτι
601 1921 634 1983 δὲ
656 1919 691 1982 τὰ
713 1919 811 2004 χωρία
834 1921 927 1983 πάντα
951 1918 1083 2002 ἄφρακτα
1107 1919 1153 2004 ῆν,
1182 1918 1261 1988 ὅπως
1285 1920 1337 2003 ἐξῆ
1360 1924 1403 2005 τῷ
1427 1921 1600 2007 βουλομένω

336 2030 388 2109 τῆς
415 2025 533 2109 ὐπώρας
562 2023 727 2087 ἀπολαύειν.
816 2023 887 2105 πρὸς
910 2025 946 2105 δη
970 2025 1076 2105 ταύτην
1099 2024 1151 2105 τῆν
1175 2023 1314 2106 χορηγίαν
1338 2023 1598 2106 ἐπιλειπόμενοςύ
1637 2035 1654 2090 4

337 2127 482 2212 Περικλῆς
514 2133 551 2210 τῆ
587 2128 681 2210 οὐσία,
716 2127 983 2211 συμβουλεύσαντος
1019 2127 1098 2210 αὐτῷ
1126 2127 1298 2209 Δαμωνίδου
1332 2131 1382 2190 τοῦ
1412 2125 1525 2212 Οἴηθεν
1553 2129 1602 2208 (ὃς

336 2232 432 2296 ἐδόκει
466 2237 523 2294 τῶν
557 2235 673 2294 πολλῶν
709 2231 866 2314 εἰσηγητὴς
899 2230 972 2295 εἶναι
1001 2236 1043 2315 τῷ
1068 2229 1220 2315 Περικλεῖ·
1255 2232 1299 2294 διὸ
1332 2233 1381 2295 καί
1415 2234 1600 2315 ιύστράκισαν

338 2335 424 2399 αὐτδν
448 2336 591 2418 ὕστερον),
619 2334 682 2396 ἐπεὶ
712 2338 772 2401 τοῖς
801 2334 881 2402 ἰδίοις
907 2336 1026 2416 ῆττᾶτο,
1059 2335 1167 2397 διδόναι
1195 2339 1253 2402 τοῖς
1281 2337 1398 2404 πολλοῖς
1426 2336 1462 2399 τὰ
1490 2337 1599 2418 αύτῶν,

284 2459 317 2507 20
335 2438 530 2503 κατεσκεύασε
564 2437 746 2521 μισθοφορὰν
780 2441 840 2503 τοῖς
875 2438 1036 2504 δικασταῖς·
1073 2430 1126 2520 ἀφ’
1155 2438 1196 2499 ῶν
1227 2437 1378 2501 αἰτιῶνταί
1402 2461 1475 2508 τινες
1505 2441 1600 2525 χείρω

335 2541 481 2626 γενέσθαι,
504 2539 710 2624 κληρουμένων
734 2539 880 2622 ἐπιμελῶς
903 2541 949 2603 ἀεὶ
974 2543 1083 2621 μᾶλλον
1107 2546 1165 2602 τῶν
1185 2541 1335 2624 τυχόντων
1351 2566 1370 2625 η
1387 2548 1445 2605 τῶν
1461 2542 1600 2607 ἐπιεικῶν

336 2648 514 2730 ἀνθρώπων.
604 2643 711 2728 ἥρίατο
734 2646 766 2706 δέ
783 2645 857 2725 μετὰ
873 2647 1027 2709 ταῦτακαὶ
1044 2646 1075 2707 τύ
1092 2647 1232 2724 δεκάζειν,
1248 2648 1364 2729 πρώτου
1380 2647 1601 2717 καταδείξαντος
1641 2657 1657 2712 ύ

337 2749 458 2814 Ἀνύτου
483 2748 555 2830 μετὰ
578 2749 631 2831 τὴν
655 2748 685 2809 ἐν
704 2747 792 2831 Πύλῳ
816 2749 999 2831 στρατηγίαν.
1045 2747 1211 2831 κρινόμενος
1233 2748 1286 2831 γάρ
1310 2748 1365 2812 ύπό
1389 2774 1472 2814 τινων
1496 2751 1543 2814 διὰ
1567 2752 1600 2816 τὸ

339 2855 497 2940 ἀποβαλεῖν
522 2851 627 2925 Πύλον,
651 2853 776 2920 δεκάσας
797 2853 829 2915 τδ
854 2852 1037 2936 δικαστήριον
1061 2852 1218 2938 ἀπέφυγεν.

286 3079 424 3148 θπρωτου
443 3078 472 3141 L,
491 3082 585 3148 προτοῦ
603 3076 728 3142 Jackson,
747 3082 848 3147 πρῶτον
868 3076 917 3140 BL,
936 3076 969 3129 al.
1099 3077 1116 3130 3
1135 3095 1170 3129 ετι
1190 3077 1231 3143 L‘,
1250 3091 1292 3130 επι
1310 3077 1342 3130 L*
1473 3078 1489 3131 5
1508 3095 1593 3132 πασαν
1613 3081 1659 3146 L·,

285 3182 449 3234 αειιρειεει.
469 3165 500 3217 L¹
626 3165 641 3215 7
661 3163 713 3228 δεῖ]
739 3165 770 3216 cs.
790 3180 815 3231 ρ.
831 3163 890 3228 23,8
1054 3165 1070 3217 8
1094 3163 1272 3222 κατακλισθεις
1290 3165 1320 3232 L,
1343 3163 1475 3235 -κλησθελς
1493 3167 1580 3229 K-W‚
1605 3169 1659 3229 ιιΙ.;

285 3255 318 3306 cf.
340 3271 363 3323 p.
379 3254 436 3318 18‚7
545 3254 560 3304 9
580 3268 705 3322 στρατιαις
725 3251 752 3314 λ,
772 3268 837 3304 corr.
852 3252 936 3318 K-w,
955 3253 987 3304 αΙ.
1098 3252 1129 3305 13
1148 3272 1206 3310 τους
1225 3261 1287 3306 ante
1307 3251 1415 3311 πολλους
1434 3253 1477 3317 L',
1498 3256 1550 3308 del.
1571 3255 1621 3309 Ll²

288 3343 319 3395 15
338 3342 396 3412 ιξην
415 3342 435 3394 L
599 3341 628 3391 17
652 3340 690 3405 ὃς]
710 3358 752 3397 ους
773 3339 814 3405 L‘,
833 3341 943 3392 fortasse
962 3347 1115 3404 correctum,
1135 3354 1164 3393 ut
1184 3347 1260 3409 putat
1279 3343 1340 3395 Wn.
1501 3341 1537 3393 20
1555 3345 1660 3415 χείρους

285 3431 420 3496 Newmau,
438 3429 481 3494 ολ,
500 3435 527 3482 at
546 3429 577 3480 cf.
597 3429 704 3481 Οιδυυιι
724 3428 812 3478 Ρλίίοί.
832 3428 938 3489 61,182
1082 3428 1111 3480 21
1134 3428 1229 3497 μαλλον
1243 3445 1293 3482 οιυ.
1306 3427 1350 3496 L',
1369 3445 1500 3498 superscr.
1515 3429 1548 3482 L⁴

285 3517 319 3569 23
338 3515 459 3583 Ἀνύτου]
479 3533 557 3568 αυτου
576 3515 606 3578 L,
625 3532 690 3567 corr.
711 3531 743 3566 ex
764 3515 844 3582 Harp.
863 3518 897 3580 (v.
919 3517 1026 3578 testim.)

373 3709 389 3759 4
409 3708 439 3759 τί.
460 3707 558 3759 testim.
578 3705 609 3756 ad
629 3722 654 3772 p.
669 3705 755 3767 2825.

375 3797 407 3847 10
426 3798 514 3846 Αιιιοτ.
534 3794 589 3846 Ρολ.
603 3790 626 3846 Β
640 3793 681 3845 2⁶2.
704 3794 808 3846 1274·ss
831 3796 863 3846 τοί
881 3793 907 3846 δέ
926 3794 1074 3864 δικαστήρια
1094 3794 1236 3865 μισθοφόρα
1256 3796 1394 3866 κατέστησε
1416 3793 1552 3868 Περικλῆς.

375 3885 404 3936 ll
425 3884 493 3934 Plut.
513 3883 570 3934 Per.
590 3882 605 3933 9
634 3884 659 3935 ἐν
679 3884 744 3954 ἀρχῇ
764 3888 810 3950 μὲν
829 3885 883 3953 γάρ,
904 3882 988 3953 ὥσπερ
1008 3884 1112 3954 εἴρηται,
1131 3884 1192 3955 πρὸς
1211 3885 1257 3954 τὴν
1277 3881 1397 3953 Κίμωνος
1416 3883 1489 3944 δόξαν
1508 3884 1657 3938 ἀντιταττό·

284 3990 358 4041 μενος
377 3972 519 4024 ὑπεποιεῖτο
538 3970 582 4023 τὸν
602 3969 690 4039 δῆμον,
711 3970 893 4038 ἐλαττούμενος
912 3971 937 4023 δὲ
956 3970 1058 4042 πλούτῳ
1083 3974 1126 4025 κοιλ
1144 3975 1279 4046 χρήμασιν,
1304 3969 1351 4042 ἀφ’
1371 3972 1407 4024 ὧν
1431 3973 1527 4031 ἐκεῖνος
1546 3973 1657 4042 ἀνελάμ-

285 4061 343 4130 βανε
370 4062 429 4117 τούς
456 4061 562 4130 πένητας
595 4059 692 4112 δεῖπνόν
724 4079 750 4111 τε
779 4058 836 4112 καθΙ
861 4060 957 4128 ἡμέραν
990 4062 1028 4130 τῷ
1061 4061 1173 4132 δεομένῳ
1206 4063 1326 4135 παρέχων
1347 4058 1489 4132 Ἀθηναίων
1524 4062 1568 4114 καλ
1596 4064 1657 4121 τούς

282 4149 465 4221 πρεσβυτέρους
484 4147 643 4216 ἀμφιεννύων
661 4155 713 4200 τῶν
731 4167 758 4200 τε
778 4148 882 4218 χωρίων
900 4148 958 4205 τούς
976 4151 1106 4220 φραγμοὺς
1125 4151 1248 4220 ἀφαιρῶν,
1268 4149 1337 4208 ὅπως
1350 4149 1509 4221 ὀπωρίζωσιν
1522 4151 1546 4203 οἱ
1567 4150 1656 4219 βουλό-

283 4255 360 4306 μενοι,
383 4236 481 4294 τούτοις
503 4236 516 4289 δ
538 4231 662 4305 Περικλῆς
686 4235 983 4305 καταδημαγωγούμενος
1006 4238 1121 4308 τρέπεται
1140 4237 1203 4309 πρός
1225 4239 1343 4306 τὴντῶν
1368 4237 1498 4308 δημοσίων
1522 4236 1656 4309 διανομὴν,

284 4325 516 4395 συμβουλεύσαντος
540 4325 609 4393 αὐτῷ
633 4322 783 4393 Δαμωνιδου
809 4324 964 4394 (δημωνίδου
989 4325 1057 4390 libri,
1077 4343 1142 4380 corr.
1163 4326 1294 4394 Sintenis)
1313 4331 1357 4379 τοῦ
1376 4324 1472 4398 Οἴηθεν
1495 4327 1546 4394 (εἰσ
1569 4328 1656 4380 codex

284 4415 531 4479 Seitenstettensis),
552 4413 588 4470 ιύς
598 4409 767 4483 Ἀριστοτέλης
781 4413 906 4482 ἱστόρηκε.
944 4415 978 4465 ib.
993 4416 1008 4465 4
1029 4416 1060 4467 de
1074 4416 1203 4469 Damone:
1223 4420 1260 4485 τῷ
1274 4415 1299 4468 δέ
1313 4412 1432 4488 Περικλεῖ
1442 4419 1520 4485 συνῆν
1535 4414 1655 4486 καθάπερ

283 4501 385 4574 ἀθλητῇ
402 4510 454 4555 τῶν
473 4501 612 4555 πολιτικῶν
632 4502 752 4571 ἀλείπτης
770 4504 812 4554 καί
832 4501 988 4559 διδάσκαλος.

375 4593 406 4644 13
426 4592 493 4644 Ρλυῐ.
514 4590 577 4642 cim.
599 4591 631 4642 10
650 4590 685 4648 ῶς
704 4589 726 4642 δ’
737 4587 907 4660 Ἀριστοτέλης
920 4590 1002 4660 φησίν,
1022 4591 1070 4664 οὐχ
1083 4591 1201 4645 ἁπάντων
1216 4591 1361 4664 Ἀθηναίων,
1382 4591 1446 4646 ἀλλὰ
1458 4598 1511 4645 τῶν
1530 4591 1654 4663 δημοτῶν

283 4678 361 4731 αὐτού
379 4679 516 4733 Λακιαδῶν
536 4680 735 4748 παρεσκευάζετο
754 4680 793 4748 τῷ
812 4679 958 4748 βουλομένῳ
977 4679 1007 4732 τό
1026 4679 1133 4733 δεῖπνον.

372 4766 405 4817 22
426 4768 549 4834 Ηοιμυει.
570 4784 618 4818 sv
642 4766 768 4827 δεκοὶζωνε
792 4806 880 4819 .....
902 4763 1073 4836 Ἀριστοτέλης
1097 4767 1120 4820 δ’
1141 4769 1166 4820 ἐν
1182 4764 1324 4839 Ἀθηναίων
1343 4768 1454 4840 πολιτείᾳ
1469 4767 1573 4822 Ἄνυτόν
1592 4786 1655 4841 φησι

283 4854 429 4915 καταδεῖξαι
451 4855 480 4908 τὸ
508 4855 619 4917 δεκάζειν
647 4857 679 4907 τύ
707 4855 862 4926 δικαστήρια.
888 4885 920 4892 -
945 4857 1021 4910 Adde
1044 4857 1149 4926 glossas
1173 4857 1236 4911 Lex.
1256 4858 1338 4910 Bekk.
1358 4859 1444 4926 quinti
1468 4858 1525 4921 (BA
1545 4858 1654 4924 211,31)

279 4941 394 5002 Ἄνυτος·
423 4942 496 5000 οὗτος
520 4951 620 5015 πρῶτος
644 4945 803 5014 δικαστήριον
827 4944 967 5006 κατέδειξεν
995 4947 1064 5014 (legs
1088 4946 1266 5013 κατεδίκασεν)
1295 4956 1321 5000 σε
1343 4949 1388 5012 (ib.
1407 4945 1501 5014 236,3)
1525 4945 1653 5009 δεκάζεινι
