3510 5610
232 358 275 391 xrv
815 338 1011 391 PRAEFATIO

232 517 381 592 quartum
403 510 542 593 denique
565 528 667 592 genus
690 508 832 591 iungitur
861 508 929 575 fere
956 510 1066 595 diplis,
1100 509 1216 576 ἔκθεσιν
1243 511 1330 595 dico,
1364 532 1428 594 qua
1455 515 1596 598 capitum

231 628 430 712 singulorum
457 628 550 692 initia
576 627 691 693 litteris
714 649 864 694 versuum
888 628 1080 711 {trimeribus
1103 630 1320 696 sinistrorsum
1344 632 1500 716 explositis
1521 632 1597 698 faci·

232 747 294 813 lius
316 747 349 813 in
373 747 548 831 legentium
571 748 680 812 oculos
703 746 845 812 cadant.¹
890 753 1032 813 ceterum
1056 749 1153 814 totius
1176 750 1311 816 rationis
1341 751 1451 836 (quam
1473 751 1596 815 utinam

231 864 381 930 librarius
409 865 609 932 constantius
637 865 853 950 adhibuisset)
879 873 1001 949 quanta
1028 867 1069 932 sit
1096 868 1219 934 utilitas
1248 871 1291 935 ad
1318 870 1390 935 libri
1418 871 1597 936 sententias

231 985 300 1052 sive
334 984 570 1067 intellegendas
603 984 672 1050 sive
705 985 905 1069 supplendas
938 994 1054 1071 suapte
1087 994 1203 1070 sponte
1237 989 1442 1073 intellegitur.
1497 1011 1596 1073 quare

232 1104 306 1170 hnic
328 1104 374 1170 rei
396 1103 490 1169 nobis
513 1103 653 1168 maxima
674 1102 822 1187 impensa
845 1113 894 1172 est
917 1126 1004 1172 eura.

143 1312 219 1390 run,
324 1293 430 1359 Etiam
468 1292 546 1357 illnd
583 1313 781 1378 magnopere
818 1294 951 1360 interest
986 1314 1097 1360 eorum
1134 1297 1188 1379 qui
1225 1296 1396 1381 supplendi
1431 1297 1596 1380 negotium

233 1414 413 1498 suscepturi
436 1413 514 1498 sint,
541 1419 576 1478 nt
597 1413 828 1479 versiculorum
850 1413 955 1480 exitus
978 1414 1091 1479 sedulo
1118 1421 1279 1499 notentur,
1306 1436 1377 1480 cnm
1404 1394 1595 1499 praesertim

232 1533 265 1597 in
287 1532 350 1597 hac
372 1532 450 1597 sede
477 1532 628 1599 liberiore
655 1533 916 1617 compendiorum
944 1554 1063 1617 genere
1090 1554 1166 1599 usus
1193 1535 1235 1599 sit
1261 1533 1420 1599 librarius.
1466 1534 1595 1599 omnino

232 1652 293 1718 hoe
316 1650 490 1718 tenendum
507 1659 566 1735 est,
589 1652 675 1735 quod
690 1672 756 1715 nou
778 1672 906 1736 semper
928 1660 1014 1719 recte
1037 1652 1079 1718 ab
1103 1653 1280 1719 editoribus
1297 1653 1502 1718 observatum
1519 1651 1595 1733 vidi,

231 1771 307 1837 inde
329 1748 371 1837 ab
387 1771 609 1836 Alexandrina
631 1776 740 1835 aetate
762 1771 938 1836 versiculos
961 1771 1066 1836 dirimi
1089 1773 1285 1858 syllabatim.
1320 1772 1416 1855 quod,
1440 1771 1498 1837 etsi
1524 1791 1596 1835 nus-

231 1911 328 1975 quam
350 1911 427 1956 usus
442 1897 492 1955 est
513 1890 546 1953 in
569 1888 678 1971 fugam
701 1889 794 1955 vacui
817 1890 935 1971 angulo
955 1890 1022 1973 illo,
1045 1890 1098 1973 qui
1122 1890 1154 1956 in
1174 1892 1369 1977 Hyperideis
1392 1897 1424 1956 et
1444 1891 1595 1955 Hercula-

231 2010 385 2075 nensibus
407 2009 622 2075 voluminibus
638 2007 843 2091 conspicitur,
866 2015 1017 2076 accurate
1039 2015 1148 2076 tamen
1170 2031 1298 2094 semper
1319 2009 1469 2076 librarius
1489 2008 1596 2073 obser-

231 2128 330 2193 vavit.
374 2148 509 2212 perrara
535 2134 610 2191 sunt
636 2125 694 2191 illa
717 2126 794 2191 VIII
817 2128 846 2191 2.
870 2129 890 2193 3
915 2130 1047 2212 φαίνεται
1075 2126 1157 2216 rrIpbc
1184 2137 1216 2196 et
1243 2129 1308 2195 Xll
1331 2129 1360 2194 8.
1385 2129 1405 2193 9
1433 2128 1593 2216 ΔέΕιᾸππος.

230 2247 262 2312 in
285 2248 467 2332 duplicibus
489 2255 597 2313 tamen
613 2244 865 2312 consonantibus
887 2245 949 2329 hic,
972 2255 1007 2313 nt
1029 2251 1208 2334 aequales’,
1231 2249 1337 2314 variat
1358 2256 1415 2314 aut
1436 2250 1594 2337 adultique,

229 2366 405 2453 εὐρώσξτων,
436 2366 582 2453 ἐδεσίτῶν,
615 2364 845 2451 ἀσῦενέσβτεραι,
879 2364 1020 2451 ἴσΙχοντες
1051 2368 1241 2452 ditimendO,
1273 2375 1335 2449 aut,
1353 2366 1595 2456 'Epccr‘lcrpurcc,

231 2487 393 2576 culcrnlde
429 2488 594 2575 pulrrqpur.
644 2485 723 2550 illud
751 2492 860 2549 tamen
887 2487 1085 2551 commodius
1111 2486 1225 2571 risum,
1249 2495 1283 2552 ut
1307 2490 1359 2554 vel
1385 2487 1595 2576 'Aclhqmdbqs

198 2640 202 2648 ·
230 2630 301 2674 cum
323 2609 513 2692 scripsisset,
536 2635 554 2671 κ
570 2615 644 2691 post
667 2628 684 2669 c
706 2605 828 2670 addere
851 2623 946 2686 quam
970 2609 987 2667 λ
1011 2607 1136 2672 litterae
1159 2607 1380 2690 praescribere
1403 2609 1523 2675 mallet.

94 2816 125 2844 ‘¹⁰
205 2816 218 2841 ⁸
317 2800 440 2865 Morem
468 2797 673 2880 indolemque
700 2793 820 2859 librarii
848 2758 1003 2859 sdrutauti
1030 2816 1095 2861 non
1123 2797 1301 2863 omittenda
1333 2804 1383 2864 est
1416 2818 1456 2865 ea
1488 2801 1596 2882 negle

229 2918 354 3003 gentio,
388 2937 470 3000 quae
493 2917 526 2981 iu
551 2915 735 2981 omittendis
758 2914 887 2997 litteris,
915 2914 1064 2999 syllabis,
1091 2915 1213 2999 verbis,
1242 2916 1417 2982 enuntiatis
1437 2923 1594 2982 versatur.

231 3058 314 3121 quae
337 3038 453 3122 partim
476 3038 547 3121 ipsc
570 3036 708 3102 correxit
730 3036 849 3117 (neque
872 3032 957 3098 enirn
982 3033 1148 3116 quisquam
1172 3041 1301 3118 praeter
1316 3055 1388 3100 eurn
1411 3034 1595 3101 diortbotae

231 3178 362 3222 munere
384 3156 512 3222 functus
535 3157 607 3237 est),
632 3154 747 3237 partim
772 3153 864 3217 nobis
887 3152 1069 3235 supplenda
1091 3152 1228 3234 reliquit.
1265 3161 1363 3235 atque
1385 3153 1442 3218 illa
1464 3154 1593 3236 quidem

231 3276 244 3359 l
255 3276 268 3359 l
292 3275 398 3358 signo,
427 3275 509 3340 haec
531 3275 576 3358 l).
622 3274 790 3336 innumera
816 3271 910 3336 huius
938 3273 1164 3354 neglegentiae
1192 3275 1343 3358 exempla
1371 3274 1461 3339 velut
1486 3277 1594 3338 αναόοσ

228 3394 404 3476 (ἀνάδοσις),
428 3417 561 3478 εμηχατο
582 3392 831 3477 (ἐμηχανήσατο),
859 3412 994 3455 συνεσται
1017 3391 1225 3476 (συνεστάναι),
1254 3396 1340 3457 norbo
1361 3393 1518 3477 (curado),
1545 3395 1594 3477 βα·

230 3538 298 3599 τερα
321 3513 505 3599 (βαρύτερα),
532 3534 665 3575 occurso
683 3512 902 3595 (νοσοποιεῖν),3
929 3536 1091 3576 αποικειται
1110 3512 1347 3596 (ἀποικειοῦται),
1373 3515 1593 3596 concedar-(porr

229 3636 328 3717 (τοῦτο
352 3633 562 3717 ὑποδείγματι).
596 3652 660 3695 non
684 3631 789 3695 minus
810 3630 995 3713 frequenter
1017 3631 1254 3715 dittographias
1277 3632 1470 3714 omninoque
1492 3632 1592 3696 abun-

228 3755 358 3820 dantias
384 3751 551 3817 commisit.
602 3756 634 3813 et
661 3749 949 3835 dittographiarnm
977 3751 1105 3833 quidem
1139 3750 1226 3833 prius
1259 3751 1450 3816 vocabulum
1483 3747 1593 3812 delere

229 3875 311 3940 solet
323 3872 411 3940 volut
423 3872 548 3937 xlvao
560 3893 638 3945 οταν,
648 3870 734 3951 quod
750 3890 810 3952 ego
826 3870 858 3934 in
875 3869 1023 3935 delendis
1035 3868 1285 3952 supervacaneis
1294 3869 1392 3953 (quae
1407 3865 1533 3950 signavi
1546 3863 1593 3951 [D

229 4000 358 4058 secutus
380 4012 461 4056 sum.
506 3988 634 4054 delendi
651 3996 758 4054 autem
772 3990 834 4055 tria
848 4010 970 4072 genera
985 3989 1132 4054 adhibet:
1159 3987 1288 4051 lituram
1304 3986 1413 4069 digitis
1428 3985 1592 4050 madidum

230 4118 444 4177 atramentum
468 4107 728 4190 abstergentibus
750 4107 879 4192 factam,
903 4116 1024 4192 puncta
1046 4105 1262 4191 superposita,
1293 4106 1410 4172 lineam
1433 4111 1593 4169 transver-

304 4420 309 4449 ¹
330 4421 449 4484 quartum
474 4417 523 4467 hoc
542 4430 624 4479 genuus
643 4416 671 4466 in
696 4416 852 4467 membranis
877 4415 937 4467 iude
955 4417 988 4468 ab
1011 4414 1202 4482 antiquissimis
1227 4412 1312 4479 quinti
1336 4412 1433 4464 saeculi
1457 4412 1590 4479 usquead

228 4503 292 4556 Xlll
314 4504 442 4557 Interdum
463 4503 574 4555 inveniri
594 4504 684 4553 notum
704 4507 744 4554 est
761 4502 804 4564 (cl.
819 4501 1001 4555 Gardthausen
1016 4503 1149 4571 l‘alacogr.
1169 4518 1194 4569 p.
1207 4498 1306 4565 arnse).
1344 4499 1400 4566 ipse
1418 4514 1502 4566 nuper
1521 4499 1591 4551 sius·

230 4592 299 4644 modi
319 4591 433 4644 codicem
453 4590 575 4658 usurpari
589 4589 710 4641 Philonis
726 4590 881 4642 Academiae
895 4589 1122 4657 l'clersburgensis
1136 4589 1189 4641 XX
1203 4589 1253 4641 Aa
1274 4589 1284 4637 l
1306 4587 1386 4637 chart.
1404 4601 1426 4635 S.
1440 4585 1503 4637 Xlll
1511 4586 1590 4649 leV

228 4678 273 4730 iol.
293 4680 365 4740 min,
385 4679 430 4730 ubi
452 4685 510 4745 post
528 4678 623 4743 capitis
640 4677 738 4727 exitum
759 4692 847 4727 rursus
868 4678 978 4743 proximi
998 4677 1103 4729 initium
1125 4678 1201 4729 rubro
1220 4674 1316 4741 erponi
1336 4672 1409 4725 solet.

300 4765 361 4816 '²cf.
381 4765 499 4817 Blessius
519 4764 550 4815 ad
571 4763 729 4830 llypcridom
751 4779 775 4829 p.
790 4764 836 4815 lx.

301 4854 464 4905 3νοσοπειειν
485 4849 549 4901 XIII
569 4848 602 4899 ‘23
628 4850 760 4917 singulare
783 4857 823 4902 est
847 4857 875 4902 ut
899 4867 1032 4922 στοιχοιων
1056 4850 1119 4901 XIV
1139 4850 1169 4901 41
1197 4859 1221 4900 ct
1250 4863 1422 4914 εισπνοιμενου
1446 4848 1536 4899 XXIII
1558 4849 1590 4897 25

228 4957 274 5009 pro
293 4940 476 5007 sicursoptuou.
