<?xml version="1.0" encoding="UTF-8"?>
<!DOCTYPE html PUBLIC "-//W3C//DTD XHTML 1.0 Transitional//EN"
    "http://www.w3.org/TR/xhtml1/DTD/xhtml1-transitional.dtd">
<html xmlns="http://www.w3.org/1999/xhtml" xml:lang="en" lang="en">
 <head>
  <title>
</title>
<meta http-equiv="Content-Type" content="text/html;charset=utf-8" />
  <meta name='ocr-system' content='tesseract 3.04.00' />
  <meta name='ocr-capabilities' content='ocr_page ocr_carea ocr_par ocr_line ocrx_word'/>
</head>
<body>
  <div class='ocr_page' id='page_1' title='image "./supplementumari00arisgoog/supplementumari00arisgoog_0192.png"; bbox 0 0 3510 5610; ppageno 0'>
   <div class='ocr_carea' id='block_1_1' title="bbox 273 313 1471 376">
    <p class='ocr_par' dir='ltr' id='par_1_1' title="bbox 273 313 1471 376">
     <span class='ocr_line' id='line_1_1' title="bbox 273 313 1471 376; baseline -0.003 -8"><span class='ocrx_word' id='word_1_1' title='bbox 273 313 499 368; x_wconf 79' lang='lat' dir='ltr'>ARISTOTELIS</span> <span class='ocrx_word' id='word_1_2' title='bbox 520 315 582 367; x_wconf 78' lang='lat' dir='ltr'>RES</span> <span class='ocrx_word' id='word_1_3' title='bbox 603 314 748 367; x_wconf 78' lang='lat' dir='ltr'>PUBLIGA</span> <span class='ocrx_word' id='word_1_4' title='bbox 771 313 1030 366; x_wconf 71' lang='lat' dir='ltr'>ATHENIENSIUM</span> <span class='ocrx_word' id='word_1_5' title='bbox 1050 314 1117 365; x_wconf 85' lang='lat' dir='ltr'>XXI</span> <span class='ocrx_word' id='word_1_6' title='bbox 1132 314 1301 367; x_wconf 72' lang='lat' dir='ltr'>4-XX112</span> <span class='ocrx_word' id='word_1_7' title='bbox 1430 314 1471 376; x_wconf 75' lang='lat'>25</span> 
     </span>
    </p>
   </div>
   <div class='ocr_carea' id='block_1_2' title="bbox 124 485 1471 1196">
    <p class='ocr_par' dir='ltr' id='par_1_2' title="bbox 124 485 1471 1196">
     <span class='ocr_line' id='line_1_2' title="bbox 158 485 1471 571; baseline -0.002 -23"><span class='ocrx_word' id='word_1_8' title='bbox 158 489 336 567; x_wconf 76' lang='grc' dir='ltr'><strong>νεοπολίτας,</strong></span> <span class='ocrx_word' id='word_1_9' title='bbox 363 488 436 550; x_wconf 85' lang='grc' dir='ltr'>ἀλλὰ</span> <span class='ocrx_word' id='word_1_10' title='bbox 463 493 521 549; x_wconf 89' lang='grc' dir='ltr'>τῶν</span> <span class='ocrx_word' id='word_1_11' title='bbox 550 489 652 571; x_wconf 80' lang='grc' dir='ltr'><strong>δήμων</strong></span> <span class='ocrx_word' id='word_1_12' title='bbox 680 487 905 569; x_wconf 85' lang='grc' dir='ltr'>ἀναγορεόωσιν·</span> <span class='ocrx_word' id='word_1_13' title='bbox 938 486 1007 548; x_wconf 79' lang='grc' dir='ltr'>ὅθεν</span> <span class='ocrx_word' id='word_1_14' title='bbox 1031 485 1079 548; x_wconf 84' lang='grc' dir='ltr'>καὶ</span> <span class='ocrx_word' id='word_1_15' title='bbox 1103 488 1238 549; x_wconf 81' lang='grc' dir='ltr'>καλοῦσιν</span> <span class='ocrx_word' id='word_1_16' title='bbox 1252 485 1405 569; x_wconf 81' lang='grc' dir='ltr'>Ἀθηναῖοι</span> <span class='ocrx_word' id='word_1_17' title='bbox 1421 493 1471 561; x_wconf 77' lang='grc' dir='ltr'>μθ</span> 
     </span>
     <span class='ocr_line' id='line_1_3' title="bbox 158 589 1471 676; baseline -0.004 -20"><span class='ocrx_word' id='word_1_18' title='bbox 158 597 232 676; x_wconf 83' lang='grc' dir='ltr'>σφᾶς</span> <span class='ocrx_word' id='word_1_19' title='bbox 247 591 353 660; x_wconf 79' lang='grc' dir='ltr'>αὐτοὺς</span> <span class='ocrx_word' id='word_1_20' title='bbox 367 596 425 653; x_wconf 89' lang='grc' dir='ltr'>τῶν</span> <span class='ocrx_word' id='word_1_21' title='bbox 441 594 554 675; x_wconf 88' lang='grc' dir='ltr'>δήμων.</span> <span class='ocrx_word' id='word_1_22' title='bbox 644 592 804 674; x_wconf 86' lang='grc' dir='ltr'>κατέστησε</span> <span class='ocrx_word' id='word_1_23' title='bbox 821 592 853 653; x_wconf 83' lang='grc' dir='ltr'>δὲ</span> <span class='ocrx_word' id='word_1_24' title='bbox 869 591 917 654; x_wconf 85' lang='grc' dir='ltr'>καὶ</span> <span class='ocrx_word' id='word_1_25' title='bbox 933 591 1105 673; x_wconf 75' lang='grc' dir='ltr'>δημάρχους</span> <span class='ocrx_word' id='word_1_26' title='bbox 1121 592 1172 670; x_wconf 79' lang='grc' dir='ltr'>τὴν</span> <span class='ocrx_word' id='word_1_27' title='bbox 1189 592 1279 674; x_wconf 76' lang='grc' dir='ltr'>αὐτὴν</span> <span class='ocrx_word' id='word_1_28' title='bbox 1296 589 1418 676; x_wconf 83' lang='grc' dir='ltr'>ἔχοντας</span> <span class='ocrx_word' id='word_1_29' title='bbox 1455 601 1471 656; x_wconf 73' lang='grc'><strong>5</strong></span> 
     </span>
     <span class='ocr_line' id='line_1_4' title="bbox 157 693 1418 780; baseline 0 -22"><span class='ocrx_word' id='word_1_30' title='bbox 157 696 321 778; x_wconf 85' lang='grc' dir='ltr'>ἐπιμέλειαν</span> <span class='ocrx_word' id='word_1_31' title='bbox 338 699 396 764; x_wconf 84' lang='grc' dir='ltr'>τοῖς</span> <span class='ocrx_word' id='word_1_32' title='bbox 414 694 553 779; x_wconf 88' lang='grc' dir='ltr'>πρότερον</span> <span class='ocrx_word' id='word_1_33' title='bbox 569 698 756 780; x_wconf 88' lang='grc' dir='ltr'>ναυκράροις·</span> <span class='ocrx_word' id='word_1_34' title='bbox 780 696 828 759; x_wconf 83' lang='grc' dir='ltr'>καὶ</span> <span class='ocrx_word' id='word_1_35' title='bbox 850 695 904 778; x_wconf 81' lang='grc' dir='ltr'>γὰρ</span> <span class='ocrx_word' id='word_1_36' title='bbox 920 693 987 761; x_wconf 78' lang='grc' dir='ltr'>τοὺς</span> <span class='ocrx_word' id='word_1_37' title='bbox 1003 693 1113 775; x_wconf 88' lang='grc' dir='ltr'>δήμους</span> <span class='ocrx_word' id='word_1_38' title='bbox 1138 696 1199 756; x_wconf 84' lang='grc' dir='ltr'>ἀντὶ</span> <span class='ocrx_word' id='word_1_39' title='bbox 1223 702 1280 757; x_wconf 87' lang='grc' dir='ltr'>τῶν</span> <span class='ocrx_word' id='word_1_40' title='bbox 1297 719 1418 779; x_wconf 85' lang='grc' dir='ltr'>ναυκρα·</span> 
     </span>
     <span class='ocr_line' id='line_1_5' title="bbox 158 797 1418 883; baseline -0.002 -20"><span class='ocrx_word' id='word_1_41' title='bbox 158 806 226 882; x_wconf 90' lang='grc' dir='ltr'>ριῶν</span> <span class='ocrx_word' id='word_1_42' title='bbox 250 801 396 883; x_wconf 86' lang='grc' dir='ltr'>ἐποίησεν.</span> <span class='ocrx_word' id='word_1_43' title='bbox 442 798 660 883; x_wconf 68' lang='grc' dir='ltr'>προσηγόρευσε</span> <span class='ocrx_word' id='word_1_44' title='bbox 688 801 720 862; x_wconf 81' lang='grc' dir='ltr'>δὲ</span> <span class='ocrx_word' id='word_1_45' title='bbox 748 804 806 861; x_wconf 88' lang='grc' dir='ltr'>τῶν</span> <span class='ocrx_word' id='word_1_46' title='bbox 835 798 937 880; x_wconf 80' lang='grc' dir='ltr'>δήμων</span> <span class='ocrx_word' id='word_1_47' title='bbox 965 797 1030 865; x_wconf 80' lang='grc' dir='ltr'>τοὺς</span> <span class='ocrx_word' id='word_1_48' title='bbox 1060 799 1110 879; x_wconf 85' lang='grc' dir='ltr'>μὲν</span> <span class='ocrx_word' id='word_1_49' title='bbox 1140 799 1198 861; x_wconf 83' lang='grc' dir='ltr'>ἀπὸ</span> <span class='ocrx_word' id='word_1_50' title='bbox 1225 805 1283 860; x_wconf 90' lang='grc' dir='ltr'>τῶν</span> <span class='ocrx_word' id='word_1_51' title='bbox 1310 801 1418 880; x_wconf 88' lang='grc' dir='ltr'>τόπων,</span> 
     </span>
     <span class='ocr_line' id='line_1_6' title="bbox 124 901 1417 986; baseline -0.002 -19"><span class='ocrx_word' id='word_1_52' title='bbox 124 905 222 974; x_wconf 81' lang='grc' dir='ltr'>5τοδς</span> <span class='ocrx_word' id='word_1_53' title='bbox 256 905 288 966; x_wconf 83' lang='grc' dir='ltr'>δὲ</span> <span class='ocrx_word' id='word_1_54' title='bbox 321 904 379 966; x_wconf 86' lang='grc' dir='ltr'>ἀπὸ</span> <span class='ocrx_word' id='word_1_55' title='bbox 406 908 464 965; x_wconf 92' lang='grc' dir='ltr'>τῶν</span> <span class='ocrx_word' id='word_1_56' title='bbox 491 906 663 967; x_wconf 80' lang='grc' dir='ltr'>κτισάντων·</span> <span class='ocrx_word' id='word_1_57' title='bbox 698 905 732 968; x_wconf 83' lang='grc' dir='ltr'>οδ</span> <span class='ocrx_word' id='word_1_58' title='bbox 759 904 814 986; x_wconf 87' lang='grc' dir='ltr'>γὰρ</span> <span class='ocrx_word' id='word_1_59' title='bbox 842 903 966 970; x_wconf 81' lang='grc' dir='ltr'>ἅπαντες</span> <span class='ocrx_word' id='word_1_60' title='bbox 994 903 1126 986; x_wconf 74' lang='grc' dir='ltr'>ὑπῆρχον</span> <span class='ocrx_word' id='word_1_61' title='bbox 1156 901 1197 964; x_wconf 86' lang='grc' dir='ltr'>ἔτι</span> <span class='ocrx_word' id='word_1_62' title='bbox 1223 906 1283 971; x_wconf 83' lang='grc' dir='ltr'>τοῖς</span> <span class='ocrx_word' id='word_1_63' title='bbox 1309 901 1417 971; x_wconf 83' lang='grc' dir='ltr'>τόποις.</span> 
     </span>
     <span class='ocr_line' id='line_1_7' title="bbox 156 1003 1471 1091; baseline 0 -20"><span class='ocrx_word' id='word_1_64' title='bbox 156 1009 192 1071; x_wconf 89' lang='grc' dir='ltr'>τά</span> <span class='ocrx_word' id='word_1_65' title='bbox 213 1010 246 1071; x_wconf 80' lang='grc' dir='ltr'>δὲ</span> <span class='ocrx_word' id='word_1_66' title='bbox 268 1007 337 1091; x_wconf 85' lang='grc' dir='ltr'>γένη</span> <span class='ocrx_word' id='word_1_67' title='bbox 359 1009 408 1070; x_wconf 91' lang='grc' dir='ltr'>καὶ</span> <span class='ocrx_word' id='word_1_68' title='bbox 430 1008 480 1076; x_wconf 84' lang='grc' dir='ltr'>τὰς</span> <span class='ocrx_word' id='word_1_69' title='bbox 495 1009 635 1091; x_wconf 74' lang='grc' dir='ltr'>φρατρίας</span> <span class='ocrx_word' id='word_1_70' title='bbox 658 1009 706 1071; x_wconf 81' lang='grc' dir='ltr'>καὶ</span> <span class='ocrx_word' id='word_1_71' title='bbox 729 1008 778 1076; x_wconf 85' lang='grc' dir='ltr'>τάς</span> <span class='ocrx_word' id='word_1_72' title='bbox 795 1007 953 1091; x_wconf 77' lang='grc' dir='ltr'>ἱερωσύνας</span> <span class='ocrx_word' id='word_1_73' title='bbox 969 1005 1064 1069; x_wconf 78' lang='grc' dir='ltr'>εἴασεν</span> <span class='ocrx_word' id='word_1_74' title='bbox 1088 1003 1167 1090; x_wconf 83' lang='grc' dir='ltr'>ἔχειν</span> <span class='ocrx_word' id='word_1_75' title='bbox 1184 1007 1322 1076; x_wconf 78' lang='grc' dir='ltr'>ἑκάστους</span> <span class='ocrx_word' id='word_1_76' title='bbox 1345 1006 1418 1069; x_wconf 88' lang='grc' dir='ltr'>κατά</span> <span class='ocrx_word' id='word_1_77' title='bbox 1455 1016 1471 1071; x_wconf 83' lang='grc'>6</span> 
     </span>
     <span class='ocr_line' id='line_1_8' title="bbox 158 1110 1417 1196; baseline -0.002 -21"><span class='ocrx_word' id='word_1_78' title='bbox 158 1113 192 1175; x_wconf 81' lang='grc' dir='ltr'>τὰ</span> <span class='ocrx_word' id='word_1_79' title='bbox 226 1114 340 1196; x_wconf 86' lang='grc' dir='ltr'>πάτρια.</span> <span class='ocrx_word' id='word_1_80' title='bbox 391 1117 453 1180; x_wconf 87' lang='grc' dir='ltr'>ταῖς</span> <span class='ocrx_word' id='word_1_81' title='bbox 487 1113 519 1174; x_wconf 83' lang='grc' dir='ltr'>δέ</span> <span class='ocrx_word' id='word_1_82' title='bbox 553 1115 658 1196; x_wconf 82' lang='grc' dir='ltr'>φυλαῖς</span> <span class='ocrx_word' id='word_1_83' title='bbox 685 1113 821 1196; x_wconf 81' lang='grc' dir='ltr'>ἐποίησεν</span> <span class='ocrx_word' id='word_1_84' title='bbox 848 1111 1020 1192; x_wconf 84' lang='grc' dir='ltr'>ἐπωνύμους</span> <span class='ocrx_word' id='word_1_85' title='bbox 1052 1110 1086 1173; x_wconf 91' lang='grc' dir='ltr'>έκ</span> <span class='ocrx_word' id='word_1_86' title='bbox 1119 1117 1177 1173; x_wconf 90' lang='grc' dir='ltr'>τῶν</span> <span class='ocrx_word' id='word_1_87' title='bbox 1205 1110 1417 1194; x_wconf 70' lang='grc' dir='ltr'>προκριθέντων</span> 
     </span>
    </p>
   </div>
   <div class='ocr_carea' id='block_1_3' title="bbox 109 1215 1472 1925">
    <p class='ocr_par' dir='ltr' id='par_1_3' title="bbox 109 1215 1472 1925">
     <span class='ocr_line' id='line_1_9' title="bbox 157 1215 954 1301; baseline -0.003 -22"><span class='ocrx_word' id='word_1_88' title='bbox 157 1217 258 1279; x_wconf 79' lang='grc' dir='ltr'>ἑκατὸν</span> <span class='ocrx_word' id='word_1_89' title='bbox 282 1217 466 1301; x_wconf 72' lang='grc' dir='ltr'>ἀρχηγετῶν,</span> <span class='ocrx_word' id='word_1_90' title='bbox 490 1216 540 1285; x_wconf 84' lang='grc' dir='ltr'>οὓς</span> <span class='ocrx_word' id='word_1_91' title='bbox 563 1217 676 1279; x_wconf 83' lang='grc' dir='ltr'>ἀνεῖλεν</span> <span class='ocrx_word' id='word_1_92' title='bbox 699 1219 718 1300; x_wconf 86' lang='grc' dir='ltr'>ή</span> <span class='ocrx_word' id='word_1_93' title='bbox 744 1215 850 1295; x_wconf 83' lang='grc' dir='ltr'>Πυθία,</span> <span class='ocrx_word' id='word_1_94' title='bbox 874 1215 954 1278; x_wconf 81' lang='grc' dir='ltr'>δέκα.</span> 
     </span>
     <span class='ocr_line' id='line_1_10' title="bbox 239 1318 1472 1404; baseline -0.001 -20"><span class='ocrx_word' id='word_1_95' title='bbox 239 1319 340 1384; x_wconf 86' lang='lat' dir='ltr'>XXII.</span> <span class='ocrx_word' id='word_1_96' title='bbox 365 1320 473 1384; x_wconf 84' lang='grc' dir='ltr'>τούτων</span> <span class='ocrx_word' id='word_1_97' title='bbox 496 1322 529 1383; x_wconf 87' lang='grc' dir='ltr'>δὲ</span> <span class='ocrx_word' id='word_1_98' title='bbox 550 1320 713 1401; x_wconf 84' lang='grc' dir='ltr'>γενομένων</span> <span class='ocrx_word' id='word_1_99' title='bbox 737 1319 955 1404; x_wconf 86' lang='grc' dir='ltr'>δημοτικωτέρα</span> <span class='ocrx_word' id='word_1_100' title='bbox 978 1319 1051 1381; x_wconf 81' lang='grc' dir='ltr'>πολὺ</span> <span class='ocrx_word' id='word_1_101' title='bbox 1074 1323 1127 1401; x_wconf 77' lang='grc' dir='ltr'>τῆς</span> <span class='ocrx_word' id='word_1_102' title='bbox 1150 1318 1283 1387; x_wconf 81' lang='grc' dir='ltr'>Σόλωνος</span> <span class='ocrx_word' id='word_1_103' title='bbox 1306 1318 1418 1400; x_wconf 84' lang='grc' dir='ltr'>ἐγένετο</span> <span class='ocrx_word' id='word_1_104' title='bbox 1460 1326 1472 1383; x_wconf 98' lang='lat' dir='ltr'>l</span> 
     </span>
     <span class='ocr_line' id='line_1_11' title="bbox 109 1423 1420 1509; baseline 0.002 -24"><span class='ocrx_word' id='word_1_105' title='bbox 109 1444 137 1490; x_wconf 86' lang='grc' dir='ltr'>ιο</span> <span class='ocrx_word' id='word_1_106' title='bbox 155 1425 174 1506; x_wconf 80' lang='grc' dir='ltr'>ἡ</span> <span class='ocrx_word' id='word_1_107' title='bbox 189 1425 331 1487; x_wconf 78' lang='grc' dir='ltr'>πολιτεία·</span> <span class='ocrx_word' id='word_1_108' title='bbox 348 1426 397 1488; x_wconf 82' lang='grc' dir='ltr'>καλ</span> <span class='ocrx_word' id='word_1_109' title='bbox 419 1424 473 1509; x_wconf 83' lang='grc' dir='ltr'>γάρ</span> <span class='ocrx_word' id='word_1_110' title='bbox 489 1425 596 1508; x_wconf 84' lang='grc' dir='ltr'>συνέβη</span> <span class='ocrx_word' id='word_1_111' title='bbox 612 1425 678 1492; x_wconf 82' lang='grc' dir='ltr'>τοδς</span> <span class='ocrx_word' id='word_1_112' title='bbox 702 1426 753 1504; x_wconf 83' lang='grc' dir='ltr'>μὲν</span> <span class='ocrx_word' id='word_1_113' title='bbox 770 1423 904 1492; x_wconf 85' lang='grc' dir='ltr'>Σόλωνος</span> <span class='ocrx_word' id='word_1_114' title='bbox 920 1424 1026 1505; x_wconf 87' lang='grc' dir='ltr'>νόμους</span> <span class='ocrx_word' id='word_1_115' title='bbox 1041 1423 1179 1505; x_wconf 71' lang='grc' dir='ltr'>ἀφανίσαι</span> <span class='ocrx_word' id='word_1_116' title='bbox 1200 1425 1251 1505; x_wconf 82' lang='grc' dir='ltr'>τὴν</span> <span class='ocrx_word' id='word_1_117' title='bbox 1269 1424 1420 1504; x_wconf 84' lang='grc' dir='ltr'>τυραννίδα</span> 
     </span>
     <span class='ocr_line' id='line_1_12' title="bbox 156 1524 1418 1612; baseline -0.002 -21"><span class='ocrx_word' id='word_1_118' title='bbox 156 1528 203 1591; x_wconf 87' lang='grc' dir='ltr'>διὰ</span> <span class='ocrx_word' id='word_1_119' title='bbox 225 1529 258 1590; x_wconf 86' lang='grc' dir='ltr'>τὸ</span> <span class='ocrx_word' id='word_1_120' title='bbox 284 1530 325 1611; x_wconf 82' lang='grc' dir='ltr'>μή</span> <span class='ocrx_word' id='word_1_121' title='bbox 342 1530 485 1612; x_wconf 80' lang='grc' dir='ltr'>χρῆσθαι,</span> <span class='ocrx_word' id='word_1_122' title='bbox 509 1527 654 1611; x_wconf 75' lang='grc' dir='ltr'>και[ν)ο“υς</span> <span class='ocrx_word' id='word_1_123' title='bbox 677 1530 701 1592; x_wconf 82' lang='grc' dir='ltr'>δ’</span> <span class='ocrx_word' id='word_1_124' title='bbox 723 1528 829 1596; x_wconf 83' lang='grc' dir='ltr'>ἄλλους</span> <span class='ocrx_word' id='word_1_125' title='bbox 844 1530 939 1591; x_wconf 84' lang='grc' dir='ltr'>θεῖναι</span> <span class='ocrx_word' id='word_1_126' title='bbox 954 1529 1002 1589; x_wconf 81' lang='grc' dir='ltr'>τόν</span> <span class='ocrx_word' id='word_1_127' title='bbox 1020 1524 1185 1611; x_wconf 87' lang='grc' dir='ltr'>Κλεισθένη</span> <span class='ocrx_word' id='word_1_128' title='bbox 1202 1527 1418 1612; x_wconf 72' lang='grc' dir='ltr'>στοχαζόμενον</span> 
     </span>
     <span class='ocr_line' id='line_1_13' title="bbox 156 1630 1472 1715; baseline 0.001 -22"><span class='ocrx_word' id='word_1_129' title='bbox 156 1636 205 1694; x_wconf 81' lang='grc' dir='ltr'>τοῦ</span> <span class='ocrx_word' id='word_1_130' title='bbox 228 1633 370 1713; x_wconf 86' lang='grc' dir='ltr'>πλήθους,</span> <span class='ocrx_word' id='word_1_131' title='bbox 398 1633 428 1695; x_wconf 87' lang='grc' dir='ltr'>ἐν</span> <span class='ocrx_word' id='word_1_132' title='bbox 452 1634 495 1701; x_wconf 86' lang='grc' dir='ltr'>οἷς</span> <span class='ocrx_word' id='word_1_133' title='bbox 517 1632 606 1715; x_wconf 87' lang='grc' dir='ltr'>ἐτέθη</span> <span class='ocrx_word' id='word_1_134' title='bbox 631 1633 677 1695; x_wconf 85' lang='grc' dir='ltr'>καὶ</span> <span class='ocrx_word' id='word_1_135' title='bbox 701 1633 717 1694; x_wconf 90' lang='grc' dir='ltr'>ό</span> <span class='ocrx_word' id='word_1_136' title='bbox 740 1634 805 1714; x_wconf 84' lang='grc' dir='ltr'>περὶ</span> <span class='ocrx_word' id='word_1_137' title='bbox 828 1636 878 1695; x_wconf 82' lang='grc' dir='ltr'>τοῦ</span> <span class='ocrx_word' id='word_1_138' title='bbox 901 1633 1098 1714; x_wconf 83' lang='grc' dir='ltr'>δστρακισμοδ</span> <span class='ocrx_word' id='word_1_139' title='bbox 1120 1630 1216 1711; x_wconf 89' lang='grc' dir='ltr'>νόμος.</span> <span class='ocrx_word' id='word_1_140' title='bbox 1304 1637 1419 1715; x_wconf 89' lang='grc' dir='ltr'>πρῶτον</span> <span class='ocrx_word' id='word_1_141' title='bbox 1457 1640 1472 1694; x_wconf 84' lang='grc'>2</span> 
     </span>
     <span class='ocr_line' id='line_1_14' title="bbox 156 1733 1420 1822; baseline -0.001 -24"><span class='ocrx_word' id='word_1_142' title='bbox 156 1737 207 1817; x_wconf 83' lang='grc' dir='ltr'>μὲν</span> <span class='ocrx_word' id='word_1_143' title='bbox 241 1734 291 1799; x_wconf 83' lang='grc' dir='ltr'>οὖν</span> <span class='ocrx_word' id='word_1_144' title='bbox 325 1735 384 1799; x_wconf 85' lang='grc' dir='ltr'>ἔτει</span> <span class='ocrx_word' id='word_1_145' title='bbox 418 1738 542 1822; x_wconf 78' lang='grc' dir='ltr'>πέμπτη)</span> <span class='ocrx_word' id='word_1_146' title='bbox 578 1736 652 1819; x_wconf 82' lang='grc' dir='ltr'>μετὰ</span> <span class='ocrx_word' id='word_1_147' title='bbox 685 1737 792 1820; x_wconf 82' lang='grc' dir='ltr'>ταύτην</span> <span class='ocrx_word' id='word_1_148' title='bbox 826 1738 877 1819; x_wconf 84' lang='grc' dir='ltr'>τήν</span> <span class='ocrx_word' id='word_1_149' title='bbox 912 1739 1086 1799; x_wconf 87' lang='grc' dir='ltr'>κατάστασιν</span> <span class='ocrx_word' id='word_1_150' title='bbox 1120 1734 1168 1818; x_wconf 77' lang='grc' dir='ltr'>ἐφ’</span> <span class='ocrx_word' id='word_1_151' title='bbox 1188 1733 1420 1818; x_wconf 81' lang='grc' dir='ltr'>Ἓρμοκρέοντος</span> 
     </span>
     <span class='ocr_line' id='line_1_15' title="bbox 156 1838 1418 1925; baseline 0.001 -24"><span class='ocrx_word' id='word_1_152' title='bbox 156 1838 297 1924; x_wconf 82' lang='grc' dir='ltr'>ἄρχοντος</span> <span class='ocrx_word' id='word_1_153' title='bbox 324 1846 360 1922; x_wconf 75' lang='grc' dir='ltr'>τῇ</span> <span class='ocrx_word' id='word_1_154' title='bbox 386 1843 479 1925; x_wconf 87' lang='grc' dir='ltr'>βουλή</span> <span class='ocrx_word' id='word_1_155' title='bbox 507 1847 567 1910; x_wconf 86' lang='grc' dir='ltr'>τοῖς</span> <span class='ocrx_word' id='word_1_156' title='bbox 590 1841 788 1911; x_wconf 84' lang='grc' dir='ltr'>πεντακοσίοις</span> <span class='ocrx_word' id='word_1_157' title='bbox 814 1842 863 1903; x_wconf 88' lang='grc' dir='ltr'>τδν</span> <span class='ocrx_word' id='word_1_158' title='bbox 887 1840 972 1924; x_wconf 86' lang='grc' dir='ltr'>όρκον</span> <span class='ocrx_word' id='word_1_159' title='bbox 995 1839 1135 1922; x_wconf 82' lang='grc' dir='ltr'>ἐποίησαν</span> <span class='ocrx_word' id='word_1_160' title='bbox 1165 1839 1196 1902; x_wconf 88' lang='grc' dir='ltr'>δν</span> <span class='ocrx_word' id='word_1_161' title='bbox 1223 1838 1265 1902; x_wconf 84' lang='grc' dir='ltr'>ἔτι</span> <span class='ocrx_word' id='word_1_162' title='bbox 1295 1843 1342 1902; x_wconf 86' lang='grc' dir='ltr'>καὶ</span> <span class='ocrx_word' id='word_1_163' title='bbox 1370 1844 1418 1902; x_wconf 83' lang='grc' dir='ltr'>νῦν</span> 
     </span>
    </p>
   </div>
   <div class='ocr_carea' id='block_1_4' title="bbox 103 2078 1473 2503">
    <p class='ocr_par' dir='ltr' id='par_1_4' title="bbox 103 2078 1473 2503">
     <span class='ocr_line' id='line_1_16' title="bbox 105 2078 1472 2152; baseline 0.001 -19"><span class='ocrx_word' id='word_1_164' title='bbox 105 2083 115 2133; x_wconf 96' lang='lat' dir='ltr'>l</span> <span class='ocrx_word' id='word_1_165' title='bbox 135 2078 271 2151; x_wconf 80' lang='grc' dir='ltr'>Ἀθηναῖοι]</span> <span class='ocrx_word' id='word_1_166' title='bbox 291 2084 332 2137; x_wconf 89' lang='lat' dir='ltr'>hic</span> <span class='ocrx_word' id='word_1_167' title='bbox 351 2086 447 2152; x_wconf 81' lang='lat' dir='ltr'>incipit</span> <span class='ocrx_word' id='word_1_168' title='bbox 465 2085 530 2151; x_wconf 80' lang='lat' dir='ltr'><strong>frag.</strong></span> <span class='ocrx_word' id='word_1_169' title='bbox 550 2084 637 2137; x_wconf 84' lang='lat' dir='ltr'>Berol.</span> <span class='ocrx_word' id='word_1_170' title='bbox 656 2085 701 2135; x_wconf 71' lang='lat' dir='ltr'>lla</span> <span class='ocrx_word' id='word_1_171' title='bbox 825 2083 842 2136; x_wconf 85' lang='lat'><strong>3</strong></span> <span class='ocrx_word' id='word_1_172' title='bbox 861 2081 990 2151; x_wconf 85' lang='grc' dir='ltr'>επιμελιαν</span> <span class='ocrx_word' id='word_1_173' title='bbox 1009 2080 1039 2148; x_wconf 85' lang='lat' dir='ltr'>L,</span> <span class='ocrx_word' id='word_1_174' title='bbox 1058 2100 1121 2134; x_wconf 88' lang='grc' dir='ltr'>-ειαν</span> <span class='ocrx_word' id='word_1_175' title='bbox 1140 2083 1162 2134; x_wconf 77' lang='grc' dir='ltr'>Β</span> <span class='ocrx_word' id='word_1_176' title='bbox 1293 2083 1309 2136; x_wconf 82' lang='lat'>5</span> <span class='ocrx_word' id='word_1_177' title='bbox 1328 2081 1376 2148; x_wconf 87' lang='grc' dir='ltr'>έτι]</span> <span class='ocrx_word' id='word_1_178' title='bbox 1396 2083 1433 2135; x_wconf 77' lang='lat' dir='ltr'>ita</span> <span class='ocrx_word' id='word_1_179' title='bbox 1452 2083 1472 2135; x_wconf 91' lang='lat' dir='ltr'>L</span> 
     </span>
     <span class='ocr_line' id='line_1_17' title="bbox 104 2170 1473 2240; baseline 0 -18"><span class='ocrx_word' id='word_1_180' title='bbox 104 2175 167 2233; x_wconf 88' lang='lat' dir='ltr'>(non</span> <span class='ocrx_word' id='word_1_181' title='bbox 179 2188 214 2235; x_wconf 89' lang='grc' dir='ltr'>εν,</span> <span class='ocrx_word' id='word_1_182' title='bbox 234 2172 304 2240; x_wconf 86' lang='lat' dir='ltr'>quod</span> <span class='ocrx_word' id='word_1_183' title='bbox 324 2172 391 2240; x_wconf 80' lang='lat' dir='ltr'>legit</span> <span class='ocrx_word' id='word_1_184' title='bbox 404 2172 443 2237; x_wconf 76' lang='lat'>131,</span> <span class='ocrx_word' id='word_1_185' title='bbox 464 2173 509 2225; x_wconf 86' lang='lat' dir='ltr'>sed</span> <span class='ocrx_word' id='word_1_186' title='bbox 529 2191 542 2222; x_wconf 92' lang='grc' dir='ltr'>ν</span> <span class='ocrx_word' id='word_1_187' title='bbox 561 2187 613 2224; x_wconf 88' lang='lat' dir='ltr'>non</span> <span class='ocrx_word' id='word_1_188' title='bbox 634 2178 722 2238; x_wconf 81' lang='lat' dir='ltr'><strong>posset</strong></span> <span class='ocrx_word' id='word_1_189' title='bbox 740 2188 798 2225; x_wconf 83' lang='lat' dir='ltr'>esse</span> <span class='ocrx_word' id='word_1_190' title='bbox 809 2173 861 2224; x_wconf 88' lang='lat' dir='ltr'>nisi</span> <span class='ocrx_word' id='word_1_191' title='bbox 875 2172 972 2223; x_wconf 80' lang='lat' dir='ltr'><strong>formae</strong></span> <span class='ocrx_word' id='word_1_192' title='bbox 989 2177 1024 2234; x_wconf 79' lang='lat' dir='ltr'>rt,</span> <span class='ocrx_word' id='word_1_193' title='bbox 1043 2171 1072 2222; x_wconf 88' lang='lat' dir='ltr'>in</span> <span class='ocrx_word' id='word_1_194' title='bbox 1090 2170 1139 2222; x_wconf 72' lang='lat' dir='ltr'>hac</span> <span class='ocrx_word' id='word_1_195' title='bbox 1153 2187 1253 2239; x_wconf 81' lang='lat' dir='ltr'><strong>papyro</strong></span> <span class='ocrx_word' id='word_1_196' title='bbox 1268 2186 1320 2223; x_wconf 88' lang='lat' dir='ltr'>non</span> <span class='ocrx_word' id='word_1_197' title='bbox 1334 2170 1459 2237; x_wconf 79' lang='lat' dir='ltr'>usitatae)</span> <span class='ocrx_word' id='word_1_198' title='bbox 1466 2188 1473 2233; x_wconf 90' lang='lat'>;</span> 
     </span>
     <span class='ocr_line' id='line_1_18' title="bbox 103 2256 1473 2331; baseline -0.001 -20"><span class='ocrx_word' id='word_1_199' title='bbox 103 2259 162 2311; x_wconf 88' lang='grc' dir='ltr'>ενΒ</span> <span class='ocrx_word' id='word_1_200' title='bbox 181 2258 243 2324; x_wconf 76' lang='lat' dir='ltr'>(BL,</span> <span class='ocrx_word' id='word_1_201' title='bbox 264 2260 355 2322; x_wconf 73' lang='lat' dir='ltr'>K-W)</span> <span class='ocrx_word' id='word_1_202' title='bbox 459 2262 475 2313; x_wconf 82' lang='grc' dir='ltr'>δ</span> <span class='ocrx_word' id='word_1_203' title='bbox 495 2278 600 2331; x_wconf 83' lang='grc' dir='ltr'>φατριας</span> <span class='ocrx_word' id='word_1_204' title='bbox 613 2261 643 2325; x_wconf 86' lang='lat' dir='ltr'>L,</span> <span class='ocrx_word' id='word_1_205' title='bbox 661 2279 724 2330; x_wconf 84' lang='grc' dir='ltr'>φρα-</span> <span class='ocrx_word' id='word_1_206' title='bbox 744 2261 765 2312; x_wconf 90' lang='grc' dir='ltr'>Β</span> <span class='ocrx_word' id='word_1_207' title='bbox 873 2260 888 2310; x_wconf 82' lang='grc'>7</span> <span class='ocrx_word' id='word_1_208' title='bbox 908 2274 1026 2329; x_wconf 85' lang='grc' dir='ltr'>επυιησαν</span> <span class='ocrx_word' id='word_1_209' title='bbox 1039 2256 1082 2320; x_wconf 66' lang='lat' dir='ltr'>L⁸,</span> <span class='ocrx_word' id='word_1_210' title='bbox 1101 2273 1166 2311; x_wconf 83' lang='lat' dir='ltr'><strong>corr.</strong></span> <span class='ocrx_word' id='word_1_211' title='bbox 1186 2259 1217 2310; x_wconf 90' lang='lat' dir='ltr'>L¹</span> <span class='ocrx_word' id='word_1_212' title='bbox 1324 2277 1473 2327; x_wconf 84' lang='grc' dir='ltr'>επωνυμους</span> 
     </span>
     <span class='ocr_line' id='line_1_19' title="bbox 103 2343 1472 2420; baseline -0.001 -22"><span class='ocrx_word' id='word_1_213' title='bbox 103 2346 133 2410; x_wconf 87' lang='grc' dir='ltr'>Β,</span> <span class='ocrx_word' id='word_1_214' title='bbox 151 2348 351 2414; x_wconf 71' lang='grc' dir='ltr'>ιπωνυμ..ςθ</span> <span class='ocrx_word' id='word_1_215' title='bbox 496 2349 525 2401; x_wconf 93' lang='lat' dir='ltr'>ll</span> <span class='ocrx_word' id='word_1_216' title='bbox 547 2347 697 2420; x_wconf 83' lang='grc' dir='ltr'>χρασθαιΒ</span> <span class='ocrx_word' id='word_1_217' title='bbox 840 2364 940 2406; x_wconf 90' lang='grc' dir='ltr'>καινους</span> <span class='ocrx_word' id='word_1_218' title='bbox 960 2347 1048 2409; x_wconf 84' lang='lat' dir='ltr'><strong>K·W;</strong></span> <span class='ocrx_word' id='word_1_219' title='bbox 1073 2348 1129 2411; x_wconf 87' lang='grc' dir='ltr'>και[</span> <span class='ocrx_word' id='word_1_220' title='bbox 1149 2348 1168 2399; x_wconf 87' lang='grc' dir='ltr'>Β</span> <span class='ocrx_word' id='word_1_221' title='bbox 1315 2347 1345 2399; x_wconf 87' lang='grc'>13</span> <span class='ocrx_word' id='word_1_222' title='bbox 1364 2343 1472 2416; x_wconf 66' lang='grc' dir='ltr'>Ερμαυ)</span> 
     </span>
     <span class='ocr_line' id='line_1_20' title="bbox 103 2435 538 2503; baseline 0.007 -17"><span class='ocrx_word' id='word_1_223' title='bbox 103 2452 219 2503; x_wconf 84' lang='grc' dir='ltr'>κρεοντυς</span> <span class='ocrx_word' id='word_1_224' title='bbox 238 2435 268 2499; x_wconf 90' lang='lat' dir='ltr'>L,</span> <span class='ocrx_word' id='word_1_225' title='bbox 287 2451 352 2487; x_wconf 84' lang='lat' dir='ltr'>corr.</span> <span class='ocrx_word' id='word_1_226' title='bbox 372 2436 458 2499; x_wconf 86' lang='lat' dir='ltr'><strong>K·W‚</strong></span> <span class='ocrx_word' id='word_1_227' title='bbox 478 2441 538 2489; x_wconf 79' lang='lat' dir='ltr'>cett.</span> 
     </span>
    </p>
   </div>
   <div class='ocr_carea' id='block_1_5' title="bbox 99 2655 1474 5016">
    <p class='ocr_par' dir='ltr' id='par_1_5' title="bbox 99 2655 1474 3611">
     <span class='ocr_line' id='line_1_21' title="bbox 190 2655 1472 2729; baseline -0.001 -19"><span class='ocrx_word' id='word_1_228' title='bbox 190 2659 206 2710; x_wconf 69' lang='lat'>⁴2</span> <span class='ocrx_word' id='word_1_229' title='bbox 235 2658 323 2711; x_wconf 81' lang='lat' dir='ltr'>Schol.</span> <span class='ocrx_word' id='word_1_230' title='bbox 356 2661 400 2711; x_wconf 82' lang='lat' dir='ltr'>Ar.</span> <span class='ocrx_word' id='word_1_231' title='bbox 425 2659 492 2711; x_wconf 87' lang='lat' dir='ltr'>Nub.</span> <span class='ocrx_word' id='word_1_232' title='bbox 517 2658 550 2710; x_wconf 77' lang='lat'>37</span> <span class='ocrx_word' id='word_1_233' title='bbox 582 2659 657 2723; x_wconf 84' lang='lat' dir='ltr'>(dett.</span> <span class='ocrx_word' id='word_1_234' title='bbox 678 2658 747 2720; x_wconf 87' lang='lat' dir='ltr'><strong>Ald.)</strong></span> <span class='ocrx_word' id='word_1_235' title='bbox 780 2659 812 2710; x_wconf 84' lang='lat' dir='ltr'>ad</span> <span class='ocrx_word' id='word_1_236' title='bbox 842 2658 923 2709; x_wconf 81' lang='lat' dir='ltr'><strong>verba</strong></span> <span class='ocrx_word' id='word_1_237' title='bbox 959 2655 1044 2708; x_wconf 85' lang='grc' dir='ltr'>δάκνει</span> <span class='ocrx_word' id='word_1_238' title='bbox 1075 2676 1106 2724; x_wconf 89' lang='grc' dir='ltr'>με</span> <span class='ocrx_word' id='word_1_239' title='bbox 1138 2656 1270 2729; x_wconf 85' lang='grc' dir='ltr'>δήμαρχός</span> <span class='ocrx_word' id='word_1_240' title='bbox 1301 2656 1349 2726; x_wconf 87' lang='grc' dir='ltr'>τις]</span> <span class='ocrx_word' id='word_1_241' title='bbox 1374 2696 1472 2710; x_wconf 91' lang='grc'><strong>.....</strong></span> 
     </span>
     <span class='ocr_line' id='line_1_22' title="bbox 103 2743 1472 2817; baseline 0.001 -20"><span class='ocrx_word' id='word_1_242' title='bbox 103 2743 277 2816; x_wconf 74' lang='grc' dir='ltr'>Ἀριστοτέλης</span> <span class='ocrx_word' id='word_1_243' title='bbox 300 2747 325 2799; x_wconf 88' lang='grc' dir='ltr'>δέ</span> <span class='ocrx_word' id='word_1_244' title='bbox 350 2748 405 2815; x_wconf 79' lang='grc' dir='ltr'>περὶ</span> <span class='ocrx_word' id='word_1_245' title='bbox 424 2743 592 2804; x_wconf 77' lang='grc' dir='ltr'>Κλεισθένους</span> <span class='ocrx_word' id='word_1_246' title='bbox 616 2748 677 2817; x_wconf 78' lang='grc' dir='ltr'>φησὶ</span> <span class='ocrx_word' id='word_1_247' title='bbox 703 2745 861 2817; x_wconf 74' lang='grc' dir='ltr'>“κατέστησε</span> <span class='ocrx_word' id='word_1_248' title='bbox 886 2747 928 2798; x_wconf 87' lang='grc' dir='ltr'>καὶ</span> <span class='ocrx_word' id='word_1_249' title='bbox 951 2745 1097 2816; x_wconf 84' lang='grc' dir='ltr'>δημάρχους</span> <span class='ocrx_word' id='word_1_250' title='bbox 1120 2745 1167 2816; x_wconf 80' lang='grc' dir='ltr'>τήν</span> <span class='ocrx_word' id='word_1_251' title='bbox 1190 2745 1269 2815; x_wconf 78' lang='grc' dir='ltr'>αθτήν</span> <span class='ocrx_word' id='word_1_252' title='bbox 1293 2746 1397 2815; x_wconf 89' lang='grc' dir='ltr'>έχοντας</span> <span class='ocrx_word' id='word_1_253' title='bbox 1421 2748 1472 2798; x_wconf 82' lang='grc' dir='ltr'>ἐπι-</span> 
     </span>
     <span class='ocr_line' id='line_1_23' title="bbox 104 2832 1472 2907; baseline -0.001 -21"><span class='ocrx_word' id='word_1_254' title='bbox 104 2833 204 2903; x_wconf 89' lang='grc' dir='ltr'>μέλειαν</span> <span class='ocrx_word' id='word_1_255' title='bbox 222 2843 276 2892; x_wconf 89' lang='grc' dir='ltr'>τοῖς</span> <span class='ocrx_word' id='word_1_256' title='bbox 294 2836 414 2906; x_wconf 84' lang='grc' dir='ltr'>πρότερον</span> <span class='ocrx_word' id='word_1_257' title='bbox 435 2837 584 2907; x_wconf 81' lang='grc' dir='ltr'>ναυκράροις</span> <span class='ocrx_word' id='word_1_258' title='bbox 602 2834 763 2900; x_wconf 85' lang='grc' dir='ltr'>(ναυκλάρσις</span> <span class='ocrx_word' id='word_1_259' title='bbox 782 2835 861 2897; x_wconf 81' lang='lat' dir='ltr'>Ald.).</span> <span class='ocrx_word' id='word_1_260' title='bbox 900 2834 1006 2903; x_wconf 73' lang='grc' dir='ltr'>καὶγὰρ</span> <span class='ocrx_word' id='word_1_261' title='bbox 1028 2834 1086 2890; x_wconf 78' lang='grc' dir='ltr'>τοὺς</span> <span class='ocrx_word' id='word_1_262' title='bbox 1106 2832 1201 2903; x_wconf 84' lang='grc' dir='ltr'>δήμους</span> <span class='ocrx_word' id='word_1_263' title='bbox 1220 2834 1274 2886; x_wconf 87' lang='grc' dir='ltr'>ἀντὶ</span> <span class='ocrx_word' id='word_1_264' title='bbox 1293 2841 1344 2886; x_wconf 89' lang='grc' dir='ltr'>τῶν</span> <span class='ocrx_word' id='word_1_265' title='bbox 1363 2852 1472 2904; x_wconf 91' lang='grc' dir='ltr'>ναυκρα-</span> 
     </span>
     <span class='ocr_line' id='line_1_24' title="bbox 104 2920 1474 2994; baseline 0 -18"><span class='ocrx_word' id='word_1_266' title='bbox 104 2930 164 2992; x_wconf 85' lang='grc' dir='ltr'>ριῶν</span> <span class='ocrx_word' id='word_1_267' title='bbox 183 2922 352 2994; x_wconf 87' lang='grc' dir='ltr'>(ναυκλαρίων</span> <span class='ocrx_word' id='word_1_268' title='bbox 366 2923 435 2984; x_wconf 82' lang='grc' dir='ltr'>Λίά.)</span> <span class='ocrx_word' id='word_1_269' title='bbox 456 2920 598 2993; x_wconf 78' lang='grc' dir='ltr'>έποίησεν.”</span> <span class='ocrx_word' id='word_1_270' title='bbox 638 2924 661 2976; x_wconf 90' lang='grc' dir='ltr'>οἰ</span> <span class='ocrx_word' id='word_1_271' title='bbox 681 2924 800 2993; x_wconf 84' lang='grc' dir='ltr'>πρότερον</span> <span class='ocrx_word' id='word_1_272' title='bbox 819 2921 955 2992; x_wconf 84' lang='grc' dir='ltr'>ναόκραροι</span> <span class='ocrx_word' id='word_1_273' title='bbox 973 2921 1118 2991; x_wconf 82' lang='grc' dir='ltr'>(ναόκλαροι</span> <span class='ocrx_word' id='word_1_274' title='bbox 1132 2923 1203 2986; x_wconf 77' lang='lat' dir='ltr'>Ald.)</span> <span class='ocrx_word' id='word_1_275' title='bbox 1221 2923 1271 2975; x_wconf 85' lang='grc' dir='ltr'>εἴτε</span> <span class='ocrx_word' id='word_1_276' title='bbox 1290 2923 1338 2976; x_wconf 79' lang='grc' dir='ltr'>θπδ</span> <span class='ocrx_word' id='word_1_277' title='bbox 1356 2920 1474 2981; x_wconf 83' lang='grc' dir='ltr'>Σόλωνος</span> 
     </span>
     <span class='ocr_line' id='line_1_25' title="bbox 104 3006 1473 3083; baseline 0.001 -20"><span class='ocrx_word' id='word_1_278' title='bbox 104 3010 302 3069; x_wconf 73' lang='grc' dir='ltr'>κατασταθέντες</span> <span class='ocrx_word' id='word_1_279' title='bbox 319 3011 369 3064; x_wconf 88' lang='grc' dir='ltr'>είτε</span> <span class='ocrx_word' id='word_1_280' title='bbox 387 3014 430 3064; x_wconf 81' lang='grc' dir='ltr'>καλ</span> <span class='ocrx_word' id='word_1_281' title='bbox 449 3013 577 3081; x_wconf 81' lang='grc' dir='ltr'>πρότερον.</span> <span class='ocrx_word' id='word_1_282' title='bbox 616 3011 685 3066; x_wconf 78' lang='grc' dir='ltr'>οὗτοι</span> <span class='ocrx_word' id='word_1_283' title='bbox 704 3013 729 3065; x_wconf 86' lang='grc' dir='ltr'>δέ</span> <span class='ocrx_word' id='word_1_284' title='bbox 749 3013 795 3083; x_wconf 78' lang='grc' dir='ltr'>τήν</span> <span class='ocrx_word' id='word_1_285' title='bbox 814 3012 918 3082; x_wconf 77' lang='grc' dir='ltr'>πομπὴν</span> <span class='ocrx_word' id='word_1_286' title='bbox 935 3017 988 3062; x_wconf 88' lang='grc' dir='ltr'>τῶν</span> <span class='ocrx_word' id='word_1_287' title='bbox 1009 3007 1195 3080; x_wconf 83' lang='grc' dir='ltr'>Παναθηναίων</span> <span class='ocrx_word' id='word_1_288' title='bbox 1216 3011 1340 3079; x_wconf 85' lang='grc' dir='ltr'>ἐκόσμουν</span> <span class='ocrx_word' id='word_1_289' title='bbox 1354 3006 1473 3064; x_wconf 86' lang='grc' dir='ltr'>Κλεισθέ·</span> 
     </span>
     <span class='ocr_line' id='line_1_26' title="bbox 103 3099 1396 3171; baseline 0.001 -20"><span class='ocrx_word' id='word_1_290' title='bbox 103 3118 161 3158; x_wconf 90' lang='grc' dir='ltr'>νους</span> <span class='ocrx_word' id='word_1_291' title='bbox 187 3100 393 3169; x_wconf 85' lang='grc' dir='ltr'>καταστήσαντος</span> <span class='ocrx_word' id='word_1_292' title='bbox 422 3099 477 3152; x_wconf 77' lang='grc' dir='ltr'>ἀντὶ</span> <span class='ocrx_word' id='word_1_293' title='bbox 503 3101 654 3168; x_wconf 82' lang='grc' dir='ltr'>ναυκράρων</span> <span class='ocrx_word' id='word_1_294' title='bbox 682 3100 843 3170; x_wconf 89' lang='grc' dir='ltr'>(ναυκλάρων</span> <span class='ocrx_word' id='word_1_295' title='bbox 877 3100 955 3161; x_wconf 89' lang='lat' dir='ltr'>Ald.).</span> <span class='ocrx_word' id='word_1_296' title='bbox 1038 3099 1116 3167; x_wconf 82' lang='lat' dir='ltr'>Harp.</span> <span class='ocrx_word' id='word_1_297' title='bbox 1142 3116 1162 3151; x_wconf 89' lang='lat' dir='ltr'>s.</span> <span class='ocrx_word' id='word_1_298' title='bbox 1181 3115 1205 3151; x_wconf 86' lang='grc' dir='ltr'>ν.</span> <span class='ocrx_word' id='word_1_299' title='bbox 1229 3101 1396 3171; x_wconf 74' lang='grc' dir='ltr'>ναυκραρικάι</span> 
     </span>
     <span class='ocr_line' id='line_1_27' title="bbox 100 3184 1473 3261; baseline 0.001 -21"><span class='ocrx_word' id='word_1_300' title='bbox 100 3184 277 3259; x_wconf 74' lang='grc' dir='ltr'>Ἀριστοτέλης</span> <span class='ocrx_word' id='word_1_301' title='bbox 301 3184 325 3239; x_wconf 77' lang='grc' dir='ltr'>δ’</span> <span class='ocrx_word' id='word_1_302' title='bbox 346 3190 371 3240; x_wconf 86' lang='grc' dir='ltr'>έν</span> <span class='ocrx_word' id='word_1_303' title='bbox 391 3186 535 3256; x_wconf 80' lang='grc' dir='ltr'>Ἀθηναίων</span> <span class='ocrx_word' id='word_1_304' title='bbox 559 3187 672 3259; x_wconf 77' lang='grc' dir='ltr'>πολιτείᾳ</span> <span class='ocrx_word' id='word_1_305' title='bbox 696 3191 756 3261; x_wconf 81' lang='grc' dir='ltr'>φησὶ</span> <span class='ocrx_word' id='word_1_306' title='bbox 778 3185 954 3256; x_wconf 63' lang='grc' dir='ltr'>ακατέστησαν</span> <span class='ocrx_word' id='word_1_307' title='bbox 978 3186 1003 3239; x_wconf 82' lang='grc' dir='ltr'>δέ</span> <span class='ocrx_word' id='word_1_308' title='bbox 1026 3186 1172 3259; x_wconf 83' lang='grc' dir='ltr'>δημάρχους</span> <span class='ocrx_word' id='word_1_309' title='bbox 1195 3187 1241 3258; x_wconf 81' lang='grc' dir='ltr'>τήν</span> <span class='ocrx_word' id='word_1_310' title='bbox 1265 3187 1344 3258; x_wconf 70' lang='grc' dir='ltr'>αὑτήν</span> <span class='ocrx_word' id='word_1_311' title='bbox 1367 3189 1473 3258; x_wconf 78' lang='grc' dir='ltr'>ἔχοντας</span> 
     </span>
     <span class='ocr_line' id='line_1_28' title="bbox 104 3272 1472 3348; baseline -0.001 -20"><span class='ocrx_word' id='word_1_312' title='bbox 104 3275 243 3345; x_wconf 75' lang='grc' dir='ltr'>ἐπιμέλειαν</span> <span class='ocrx_word' id='word_1_313' title='bbox 270 3283 322 3335; x_wconf 88' lang='grc' dir='ltr'>τοῖς</span> <span class='ocrx_word' id='word_1_314' title='bbox 349 3276 470 3347; x_wconf 86' lang='grc' dir='ltr'>πρότερον</span> <span class='ocrx_word' id='word_1_315' title='bbox 498 3279 648 3348; x_wconf 89' lang='grc' dir='ltr'>ναυκράροις</span> <span class='ocrx_word' id='word_1_316' title='bbox 679 3277 784 3346; x_wconf 84' lang='grc' dir='ltr'>δημίους</span> <span class='ocrx_word' id='word_1_317' title='bbox 810 3277 866 3329; x_wconf 83' lang='grc' dir='ltr'>ἀντὶ</span> <span class='ocrx_word' id='word_1_318' title='bbox 893 3282 944 3327; x_wconf 85' lang='grc' dir='ltr'>τῶν</span> <span class='ocrx_word' id='word_1_319' title='bbox 969 3277 1119 3346; x_wconf 82' lang='grc' dir='ltr'>ναυκράρων</span> <span class='ocrx_word' id='word_1_320' title='bbox 1143 3272 1287 3344; x_wconf 73' lang='grc' dir='ltr'>έποίησαν.”</span> <span class='ocrx_word' id='word_1_321' title='bbox 1330 3275 1368 3328; x_wconf 82' lang='lat' dir='ltr'>cf.</span> <span class='ocrx_word' id='word_1_322' title='bbox 1397 3275 1472 3328; x_wconf 83' lang='lat' dir='ltr'>Phot.</span> 
     </span>
     <span class='ocr_line' id='line_1_29' title="bbox 102 3362 1472 3435; baseline -0.001 -19"><span class='ocrx_word' id='word_1_323' title='bbox 102 3365 249 3435; x_wconf 87' lang='grc' dir='ltr'>ναυκραρία,</span> <span class='ocrx_word' id='word_1_324' title='bbox 269 3365 330 3416; x_wconf 80' lang='lat' dir='ltr'><strong>Hes.</strong></span> <span class='ocrx_word' id='word_1_325' title='bbox 349 3362 486 3432; x_wconf 84' lang='grc' dir='ltr'>ναόκλαροι</span> <span class='ocrx_word' id='word_1_326' title='bbox 505 3366 596 3431; x_wconf 85' lang='lat' dir='ltr'>(supra</span> <span class='ocrx_word' id='word_1_327' title='bbox 610 3370 670 3416; x_wconf 82' lang='lat' dir='ltr'>test.</span> <span class='ocrx_word' id='word_1_328' title='bbox 684 3364 717 3416; x_wconf 83' lang='lat' dir='ltr'>ad</span> <span class='ocrx_word' id='word_1_329' title='bbox 731 3364 809 3428; x_wconf 76' lang='lat'>9,1:&#39;›).</span> <span class='ocrx_word' id='word_1_330' title='bbox 873 3364 956 3432; x_wconf 84' lang='grc' dir='ltr'>Ηοτμ.</span> <span class='ocrx_word' id='word_1_331' title='bbox 975 3362 1117 3433; x_wconf 78' lang='grc' dir='ltr'>δήμαρχοςι</span> <span class='ocrx_word' id='word_1_332' title='bbox 1138 3401 1216 3416; x_wconf 92' lang='grc'><strong>.....</strong></span> <span class='ocrx_word' id='word_1_333' title='bbox 1235 3362 1341 3421; x_wconf 77' lang='grc' dir='ltr'>τοότους</span> <span class='ocrx_word' id='word_1_334' title='bbox 1358 3362 1384 3415; x_wconf 90' lang='grc' dir='ltr'>δέ</span> <span class='ocrx_word' id='word_1_335' title='bbox 1397 3379 1472 3433; x_wconf 80' lang='grc' dir='ltr'>φησιν</span> 
     </span>
     <span class='ocr_line' id='line_1_30' title="bbox 99 3447 1472 3522; baseline 0 -18"><span class='ocrx_word' id='word_1_336' title='bbox 99 3449 279 3522; x_wconf 70' lang='grc' dir='ltr'>’Ἀριστοτέλης</span> <span class='ocrx_word' id='word_1_337' title='bbox 301 3451 326 3503; x_wconf 92' lang='grc' dir='ltr'>έν</span> <span class='ocrx_word' id='word_1_338' title='bbox 343 3447 490 3520; x_wconf 86' lang='grc' dir='ltr'>Ἀθηναίων</span> <span class='ocrx_word' id='word_1_339' title='bbox 514 3451 627 3519; x_wconf 76' lang='grc' dir='ltr'>πολιτεία</span> <span class='ocrx_word' id='word_1_340' title='bbox 653 3450 701 3503; x_wconf 83' lang='grc' dir='ltr'>θπό</span> <span class='ocrx_word' id='word_1_341' title='bbox 721 3447 890 3509; x_wconf 81' lang='grc' dir='ltr'>Κλεισθένους</span> <span class='ocrx_word' id='word_1_342' title='bbox 911 3448 1102 3520; x_wconf 74' lang='grc' dir='ltr'>κατασταθῆναι</span> <span class='ocrx_word' id='word_1_343' title='bbox 1125 3451 1170 3520; x_wconf 82' lang='grc' dir='ltr'>τήν</span> <span class='ocrx_word' id='word_1_344' title='bbox 1194 3451 1274 3520; x_wconf 75' lang='grc' dir='ltr'>αὐτὴν</span> <span class='ocrx_word' id='word_1_345' title='bbox 1297 3452 1402 3522; x_wconf 86' lang='grc' dir='ltr'>ἔχοντας</span> <span class='ocrx_word' id='word_1_346' title='bbox 1421 3453 1472 3504; x_wconf 80' lang='grc' dir='ltr'>ἐστι·</span> 
     </span>
     <span class='ocr_line' id='line_1_31' title="bbox 104 3537 1473 3611; baseline -0.001 -20"><span class='ocrx_word' id='word_1_347' title='bbox 104 3541 204 3608; x_wconf 79' lang='grc' dir='ltr'>μέλειαν</span> <span class='ocrx_word' id='word_1_348' title='bbox 222 3546 273 3597; x_wconf 86' lang='grc' dir='ltr'>τοῖς</span> <span class='ocrx_word' id='word_1_349' title='bbox 292 3539 412 3610; x_wconf 88' lang='grc' dir='ltr'>πρότερον</span> <span class='ocrx_word' id='word_1_350' title='bbox 431 3542 589 3609; x_wconf 87' lang='grc' dir='ltr'>ναυκράροις.</span> <span class='ocrx_word' id='word_1_351' title='bbox 662 3539 777 3606; x_wconf 79' lang='lat' dir='ltr'>Hesych.</span> <span class='ocrx_word' id='word_1_352' title='bbox 800 3538 938 3611; x_wconf 75' lang='grc' dir='ltr'>δήμαρχοιε</span> <span class='ocrx_word' id='word_1_353' title='bbox 964 3539 988 3590; x_wconf 81' lang='grc' dir='ltr'>ολ</span> <span class='ocrx_word' id='word_1_354' title='bbox 1011 3537 1130 3608; x_wconf 84' lang='grc' dir='ltr'>πρότερον</span> <span class='ocrx_word' id='word_1_355' title='bbox 1154 3538 1306 3605; x_wconf 76' lang='grc' dir='ltr'>καλούμενοι</span> <span class='ocrx_word' id='word_1_356' title='bbox 1329 3538 1473 3609; x_wconf 82' lang='grc' dir='ltr'>ναόιιραροι.</span> 
     </span>
    </p>

    <p class='ocr_par' dir='ltr' id='par_1_6' title="bbox 99 3623 1474 3965">
     <span class='ocr_line' id='line_1_32' title="bbox 191 3623 1474 3697; baseline -0.002 -17"><span class='ocrx_word' id='word_1_357' title='bbox 191 3629 207 3679; x_wconf 80' lang='lat'><strong>4</strong></span> <span class='ocrx_word' id='word_1_358' title='bbox 236 3627 276 3680; x_wconf 84' lang='lat' dir='ltr'>Et.</span> <span class='ocrx_word' id='word_1_359' title='bbox 301 3643 360 3696; x_wconf 82' lang='lat' dir='ltr'>gen.</span> <span class='ocrx_word' id='word_1_360' title='bbox 390 3629 434 3693; x_wconf 79' lang='lat' dir='ltr'>(ex</span> <span class='ocrx_word' id='word_1_361' title='bbox 462 3628 570 3693; x_wconf 77' lang='lat' dir='ltr'>Photio)</span> <span class='ocrx_word' id='word_1_362' title='bbox 604 3627 702 3696; x_wconf 82' lang='lat' dir='ltr'>[exser.</span> <span class='ocrx_word' id='word_1_363' title='bbox 731 3627 825 3694; x_wconf 81' lang='lat' dir='ltr'>Symeo</span> <span class='ocrx_word' id='word_1_364' title='bbox 855 3631 881 3679; x_wconf 79' lang='lat' dir='ltr'>et</span> <span class='ocrx_word' id='word_1_365' title='bbox 910 3626 950 3678; x_wconf 83' lang='lat' dir='ltr'>Et.</span> <span class='ocrx_word' id='word_1_366' title='bbox 978 3627 1011 3678; x_wconf 74' lang='lat' dir='ltr'>M.</span> <span class='ocrx_word' id='word_1_367' title='bbox 1031 3625 1142 3692; x_wconf 71' lang='lat'><strong>327,32]</strong></span> <span class='ocrx_word' id='word_1_368' title='bbox 1171 3623 1282 3686; x_wconf 70' lang='grc' dir='ltr'>Ἔλεεῖςι</span> <span class='ocrx_word' id='word_1_369' title='bbox 1319 3626 1398 3695; x_wconf 76' lang='grc' dir='ltr'>δῆμος</span> <span class='ocrx_word' id='word_1_370' title='bbox 1427 3630 1474 3697; x_wconf 80' lang='grc' dir='ltr'>τῆς</span> 
     </span>
     <span class='ocr_line' id='line_1_33' title="bbox 99 3711 1472 3786; baseline -0.001 -20"><span class='ocrx_word' id='word_1_371' title='bbox 99 3711 229 3785; x_wconf 76' lang='grc' dir='ltr'>Ἀττικῆς,</span> <span class='ocrx_word' id='word_1_372' title='bbox 266 3715 412 3784; x_wconf 83' lang='grc' dir='ltr'>ὠνόμασται</span> <span class='ocrx_word' id='word_1_373' title='bbox 431 3715 456 3767; x_wconf 85' lang='grc' dir='ltr'>δέ</span> <span class='ocrx_word' id='word_1_374' title='bbox 475 3714 524 3767; x_wconf 84' lang='grc' dir='ltr'>ἀπὸ</span> <span class='ocrx_word' id='word_1_375' title='bbox 544 3720 588 3767; x_wconf 79' lang='grc' dir='ltr'>τοῦ</span> <span class='ocrx_word' id='word_1_376' title='bbox 607 3714 632 3766; x_wconf 85' lang='grc' dir='ltr'>έν</span> <span class='ocrx_word' id='word_1_377' title='bbox 652 3713 723 3785; x_wconf 74' lang='grc' dir='ltr'>αὐτῷ</span> <span class='ocrx_word' id='word_1_378' title='bbox 742 3715 820 3772; x_wconf 83' lang='grc' dir='ltr'>ἕλους.</span> <span class='ocrx_word' id='word_1_379' title='bbox 858 3713 956 3784; x_wconf 82' lang='grc' dir='ltr'>ἑλώδης</span> <span class='ocrx_word' id='word_1_380' title='bbox 980 3715 1025 3786; x_wconf 80' lang='grc' dir='ltr'>γὰρ</span> <span class='ocrx_word' id='word_1_381' title='bbox 1050 3713 1063 3766; x_wconf 96' lang='lat'>6</span> <span class='ocrx_word' id='word_1_382' title='bbox 1087 3713 1171 3772; x_wconf 86' lang='grc' dir='ltr'>τόπος.</span> <span class='ocrx_word' id='word_1_383' title='bbox 1209 3716 1233 3768; x_wconf 79' lang='grc' dir='ltr'>οἱ</span> <span class='ocrx_word' id='word_1_384' title='bbox 1256 3716 1302 3786; x_wconf 90' lang='grc' dir='ltr'>γὰρ</span> <span class='ocrx_word' id='word_1_385' title='bbox 1325 3714 1402 3782; x_wconf 81' lang='grc' dir='ltr'>δῆμοι</span> <span class='ocrx_word' id='word_1_386' title='bbox 1420 3720 1472 3766; x_wconf 85' lang='grc' dir='ltr'>τῶν</span> 
     </span>
     <span class='ocr_line' id='line_1_34' title="bbox 99 3800 1472 3874; baseline 0.001 -21"><span class='ocrx_word' id='word_1_387' title='bbox 99 3800 247 3874; x_wconf 82' lang='grc' dir='ltr'>Ἀθηναίων</span> <span class='ocrx_word' id='word_1_388' title='bbox 266 3803 282 3872; x_wconf 86' lang='grc' dir='ltr'>ή</span> <span class='ocrx_word' id='word_1_389' title='bbox 303 3803 351 3855; x_wconf 85' lang='grc' dir='ltr'>ἀπὸ</span> <span class='ocrx_word' id='word_1_390' title='bbox 370 3803 457 3855; x_wconf 87' lang='grc' dir='ltr'>τόπων</span> <span class='ocrx_word' id='word_1_391' title='bbox 476 3802 492 3872; x_wconf 82' lang='grc' dir='ltr'>ή</span> <span class='ocrx_word' id='word_1_392' title='bbox 513 3802 562 3855; x_wconf 87' lang='grc' dir='ltr'>ἀπὸ</span> <span class='ocrx_word' id='word_1_393' title='bbox 579 3809 632 3855; x_wconf 84' lang='grc' dir='ltr'>τῶν</span> <span class='ocrx_word' id='word_1_394' title='bbox 645 3803 836 3873; x_wconf 82' lang='grc' dir='ltr'>παρακειμένων</span> <span class='ocrx_word' id='word_1_395' title='bbox 855 3802 940 3860; x_wconf 73' lang='grc' dir='ltr'>αὐτοῖς</span> <span class='ocrx_word' id='word_1_396' title='bbox 958 3803 974 3871; x_wconf 82' lang='grc' dir='ltr'>ή</span> <span class='ocrx_word' id='word_1_397' title='bbox 994 3801 1043 3854; x_wconf 82' lang='grc' dir='ltr'>ἀπὸ</span> <span class='ocrx_word' id='word_1_398' title='bbox 1062 3808 1115 3854; x_wconf 89' lang='grc' dir='ltr'>τῶν</span> <span class='ocrx_word' id='word_1_399' title='bbox 1134 3803 1160 3854; x_wconf 86' lang='grc' dir='ltr'>ἐν</span> <span class='ocrx_word' id='word_1_400' title='bbox 1178 3801 1262 3859; x_wconf 69' lang='grc' dir='ltr'>αιἰτοῖς</span> <span class='ocrx_word' id='word_1_401' title='bbox 1281 3808 1368 3872; x_wconf 85' lang='grc' dir='ltr'>φυτῶν</span> <span class='ocrx_word' id='word_1_402' title='bbox 1386 3802 1402 3871; x_wconf 85' lang='grc' dir='ltr'>ή</span> <span class='ocrx_word' id='word_1_403' title='bbox 1423 3802 1472 3854; x_wconf 87' lang='grc' dir='ltr'>ἀπὸ</span> 
     </span>
     <span class='ocr_line' id='line_1_35' title="bbox 104 3890 1150 3965; baseline -0.001 -22"><span class='ocrx_word' id='word_1_404' title='bbox 104 3898 154 3944; x_wconf 86' lang='grc' dir='ltr'>τῶν</span> <span class='ocrx_word' id='word_1_405' title='bbox 173 3892 200 3944; x_wconf 88' lang='grc' dir='ltr'>έν</span> <span class='ocrx_word' id='word_1_406' title='bbox 219 3890 303 3949; x_wconf 74' lang='grc' dir='ltr'>αὐτοῖς</span> <span class='ocrx_word' id='word_1_407' title='bbox 323 3898 489 3965; x_wconf 86' lang='grc' dir='ltr'>χειροτεχνῶν</span> <span class='ocrx_word' id='word_1_408' title='bbox 508 3891 524 3961; x_wconf 80' lang='grc' dir='ltr'>ή</span> <span class='ocrx_word' id='word_1_409' title='bbox 544 3892 593 3943; x_wconf 85' lang='grc' dir='ltr'>ἀπὸ</span> <span class='ocrx_word' id='word_1_410' title='bbox 613 3898 665 3943; x_wconf 86' lang='grc' dir='ltr'>τῶν</span> <span class='ocrx_word' id='word_1_411' title='bbox 685 3893 842 3962; x_wconf 86' lang='grc' dir='ltr'>οίκησάντων</span> <span class='ocrx_word' id='word_1_412' title='bbox 862 3891 960 3962; x_wconf 82' lang='grc' dir='ltr'>ἀνδρῶν</span> <span class='ocrx_word' id='word_1_413' title='bbox 980 3890 996 3961; x_wconf 82' lang='grc' dir='ltr'>ή</span> <span class='ocrx_word' id='word_1_414' title='bbox 1015 3897 1150 3960; x_wconf 89' lang='grc' dir='ltr'>γυναικῶν.</span> 
     </span>
    </p>

    <p class='ocr_par' dir='ltr' id='par_1_7' title="bbox 104 3978 1473 5016">
     <span class='ocr_line' id='line_1_36' title="bbox 191 3978 1473 4050; baseline 0.002 -20"><span class='ocrx_word' id='word_1_415' title='bbox 191 3978 206 4029; x_wconf 74' lang='lat'><strong>7</strong></span> <span class='ocrx_word' id='word_1_416' title='bbox 239 3979 279 4031; x_wconf 76' lang='lat' dir='ltr'>Ad</span> <span class='ocrx_word' id='word_1_417' title='bbox 304 3981 417 4049; x_wconf 81' lang='lat' dir='ltr'>glossam</span> <span class='ocrx_word' id='word_1_418' title='bbox 439 3979 503 4038; x_wconf 66' lang='lat' dir='ltr'>Lex,</span> <span class='ocrx_word' id='word_1_419' title='bbox 521 3979 603 4031; x_wconf 72' lang='lat' dir='ltr'>Bekk.</span> <span class='ocrx_word' id='word_1_420' title='bbox 624 3980 710 4047; x_wconf 79' lang='lat' dir='ltr'>quinti</span> <span class='ocrx_word' id='word_1_421' title='bbox 736 3979 793 4044; x_wconf 84' lang='lat' dir='ltr'>(BA</span> <span class='ocrx_word' id='word_1_422' title='bbox 813 3979 907 4041; x_wconf 47' lang='lat'>245³?</span> <span class='ocrx_word' id='word_1_423' title='bbox 929 3979 1072 4044; x_wconf 79' lang='grc' dir='ltr'>έπῶνυμοιι</span> <span class='ocrx_word' id='word_1_424' title='bbox 1101 3979 1221 4050; x_wconf 83' lang='grc' dir='ltr'>ἄρχοντες</span> <span class='ocrx_word' id='word_1_425' title='bbox 1249 3978 1326 4032; x_wconf 89' lang='grc' dir='ltr'>δισσοί</span> <span class='ocrx_word' id='word_1_426' title='bbox 1353 3979 1421 4044; x_wconf 73' lang='grc' dir='ltr'>εἰσιν,</span> <span class='ocrx_word' id='word_1_427' title='bbox 1450 3980 1473 4032; x_wconf 79' lang='grc' dir='ltr'>οἱ</span> 
     </span>
     <span class='ocr_line' id='line_1_37' title="bbox 104 4065 1473 4140; baseline 0.001 -21"><span class='ocrx_word' id='word_1_428' title='bbox 104 4072 149 4135; x_wconf 81' lang='grc' dir='ltr'>μέν</span> <span class='ocrx_word' id='word_1_429' title='bbox 167 4069 355 4136; x_wconf 84' lang='grc' dir='ltr'>τεσσαράκοντα</span> <span class='ocrx_word' id='word_1_430' title='bbox 373 4067 418 4119; x_wconf 80' lang='grc' dir='ltr'>δόυ</span> <span class='ocrx_word' id='word_1_431' title='bbox 437 4073 489 4119; x_wconf 91' lang='grc' dir='ltr'>τῶν</span> <span class='ocrx_word' id='word_1_432' title='bbox 509 4068 624 4137; x_wconf 81' lang='grc' dir='ltr'>ἡλικιῶν,</span> <span class='ocrx_word' id='word_1_433' title='bbox 649 4069 673 4120; x_wconf 84' lang='grc' dir='ltr'>οἱ</span> <span class='ocrx_word' id='word_1_434' title='bbox 696 4068 721 4119; x_wconf 89' lang='grc' dir='ltr'>δέ</span> <span class='ocrx_word' id='word_1_435' title='bbox 747 4067 808 4119; x_wconf 87' lang='grc' dir='ltr'>δέκα</span> <span class='ocrx_word' id='word_1_436' title='bbox 831 4066 874 4119; x_wconf 84' lang='grc' dir='ltr'>τόν</span> <span class='ocrx_word' id='word_1_437' title='bbox 898 4065 1014 4137; x_wconf 85' lang='grc' dir='ltr'>ἀριθμόν,</span> <span class='ocrx_word' id='word_1_438' title='bbox 1044 4066 1093 4136; x_wconf 80' lang='grc' dir='ltr'>ἀφ’</span> <span class='ocrx_word' id='word_1_439' title='bbox 1110 4067 1146 4119; x_wconf 87' lang='grc' dir='ltr'>ὧν</span> <span class='ocrx_word' id='word_1_440' title='bbox 1166 4069 1192 4120; x_wconf 81' lang='grc' dir='ltr'>αἱ</span> <span class='ocrx_word' id='word_1_441' title='bbox 1210 4068 1286 4137; x_wconf 79' lang='grc' dir='ltr'>φυλαὶ</span> <span class='ocrx_word' id='word_1_442' title='bbox 1304 4068 1473 4140; x_wconf 78' lang='grc' dir='ltr'>προσηγορεό·</span> 
     </span>
     <span class='ocr_line' id='line_1_38' title="bbox 104 4146 1472 4225; baseline -0.001 -16"><span class='ocrx_word' id='word_1_443' title='bbox 104 4155 196 4225; x_wconf 86' lang='grc' dir='ltr'>θησαν)</span> <span class='ocrx_word' id='word_1_444' title='bbox 216 4157 278 4207; x_wconf 83' lang='lat' dir='ltr'><strong>olim</strong></span> <span class='ocrx_word' id='word_1_445' title='bbox 297 4156 442 4223; x_wconf 82' lang='lat' dir='ltr'>pleniorem</span> <span class='ocrx_word' id='word_1_446' title='bbox 463 4157 574 4207; x_wconf 85' lang='lat' dir='ltr'>redeunt</span> <span class='ocrx_word' id='word_1_447' title='bbox 594 4171 661 4222; x_wconf 76' lang='lat' dir='ltr'>quae</span> <span class='ocrx_word' id='word_1_448' title='bbox 681 4157 779 4208; x_wconf 81' lang='lat' dir='ltr'>habent</span> <span class='ocrx_word' id='word_1_449' title='bbox 799 4161 825 4206; x_wconf 83' lang='lat' dir='ltr'>et</span> <span class='ocrx_word' id='word_1_450' title='bbox 838 4159 881 4219; x_wconf 76' lang='lat' dir='ltr'>(ex</span> <span class='ocrx_word' id='word_1_451' title='bbox 896 4154 1001 4220; x_wconf 80' lang='lat' dir='ltr'>Photio)</span> <span class='ocrx_word' id='word_1_452' title='bbox 1022 4155 1061 4206; x_wconf 79' lang='lat' dir='ltr'>Et.</span> <span class='ocrx_word' id='word_1_453' title='bbox 1075 4172 1134 4223; x_wconf 85' lang='lat' dir='ltr'><strong>gen.</strong></span> <span class='ocrx_word' id='word_1_454' title='bbox 1155 4157 1248 4219; x_wconf 82' lang='lat' dir='ltr'>(deser.</span> <span class='ocrx_word' id='word_1_455' title='bbox 1263 4157 1302 4208; x_wconf 82' lang='lat' dir='ltr'>Et.</span> <span class='ocrx_word' id='word_1_456' title='bbox 1316 4146 1352 4208; x_wconf 58' lang='lat' dir='ltr'>31ss</span> <span class='ocrx_word' id='word_1_457' title='bbox 1361 4154 1472 4220; x_wconf 79' lang='lat'>369,15)</span> 
     </span>
     <span class='ocr_line' id='line_1_39' title="bbox 104 4241 1472 4311; baseline -0.001 -15"><span class='ocrx_word' id='word_1_458' title='bbox 104 4283 193 4296; x_wconf 90' lang='grc'><strong>.....</strong></span> <span class='ocrx_word' id='word_1_459' title='bbox 213 4245 352 4310; x_wconf 77' lang='grc' dir='ltr'>έπώνυμυιι</span> <span class='ocrx_word' id='word_1_460' title='bbox 381 4242 460 4295; x_wconf 85' lang='grc' dir='ltr'>διτταί</span> <span class='ocrx_word' id='word_1_461' title='bbox 483 4242 543 4294; x_wconf 84' lang='grc' dir='ltr'>είσιν</span> <span class='ocrx_word' id='word_1_462' title='bbox 567 4241 646 4307; x_wconf 76' lang='grc' dir='ltr'>οὗτοι,</span> <span class='ocrx_word' id='word_1_463' title='bbox 671 4242 694 4294; x_wconf 89' lang='grc' dir='ltr'>οί</span> <span class='ocrx_word' id='word_1_464' title='bbox 714 4247 758 4310; x_wconf 88' lang='grc' dir='ltr'>μέν</span> <span class='ocrx_word' id='word_1_465' title='bbox 777 4241 906 4311; x_wconf 88' lang='grc' dir='ltr'>λεγόμενοι</span> <span class='ocrx_word' id='word_1_466' title='bbox 924 4247 976 4292; x_wconf 88' lang='grc' dir='ltr'>τῶν</span> <span class='ocrx_word' id='word_1_467' title='bbox 996 4241 1111 4310; x_wconf 86' lang='grc' dir='ltr'>ήλικιῶν,</span> <span class='ocrx_word' id='word_1_468' title='bbox 1130 4244 1174 4295; x_wconf 80' lang='grc' dir='ltr'>καὶ</span> <span class='ocrx_word' id='word_1_469' title='bbox 1195 4244 1241 4296; x_wconf 77' lang='grc' dir='ltr'>εἰσὶ</span> <span class='ocrx_word' id='word_1_470' title='bbox 1260 4243 1304 4296; x_wconf 71' lang='grc' dir='ltr'>δύο</span> <span class='ocrx_word' id='word_1_471' title='bbox 1324 4245 1367 4295; x_wconf 89' lang='grc' dir='ltr'>καὶ</span> <span class='ocrx_word' id='word_1_472' title='bbox 1386 4259 1472 4295; x_wconf 90' lang='grc' dir='ltr'>τεσσα-</span> 
     </span>
     <span class='ocr_line' id='line_1_40' title="bbox 104 4329 1473 4403; baseline -0.002 -19"><span class='ocrx_word' id='word_1_473' title='bbox 104 4335 221 4396; x_wconf 85' lang='grc' dir='ltr'>ράκοντα,</span> <span class='ocrx_word' id='word_1_474' title='bbox 245 4333 269 4384; x_wconf 84' lang='grc' dir='ltr'>οἲ</span> <span class='ocrx_word' id='word_1_475' title='bbox 287 4329 423 4383; x_wconf 79' lang='grc' dir='ltr'>καλοῦνται</span> <span class='ocrx_word' id='word_1_476' title='bbox 442 4332 485 4382; x_wconf 84' lang='grc' dir='ltr'>καὶ</span> <span class='ocrx_word' id='word_1_477' title='bbox 508 4329 607 4401; x_wconf 79' lang='grc' dir='ltr'>λήξεων</span> <span class='ocrx_word' id='word_1_478' title='bbox 626 4329 764 4398; x_wconf 81' lang='grc' dir='ltr'>ἐπώνυμοι,</span> <span class='ocrx_word' id='word_1_479' title='bbox 788 4331 812 4383; x_wconf 79' lang='grc' dir='ltr'>οἱ</span> <span class='ocrx_word' id='word_1_480' title='bbox 830 4329 856 4382; x_wconf 83' lang='grc' dir='ltr'>δέ</span> <span class='ocrx_word' id='word_1_481' title='bbox 876 4329 946 4394; x_wconf 89' lang='grc' dir='ltr'>δέκα,</span> <span class='ocrx_word' id='word_1_482' title='bbox 969 4330 1019 4400; x_wconf 76' lang='grc' dir='ltr'>ἀφ’</span> <span class='ocrx_word' id='word_1_483' title='bbox 1032 4331 1068 4382; x_wconf 86' lang='grc' dir='ltr'>ὧν</span> <span class='ocrx_word' id='word_1_484' title='bbox 1087 4332 1112 4383; x_wconf 83' lang='grc' dir='ltr'>αί</span> <span class='ocrx_word' id='word_1_485' title='bbox 1131 4332 1208 4403; x_wconf 79' lang='grc' dir='ltr'>φυλαὶ</span> <span class='ocrx_word' id='word_1_486' title='bbox 1226 4331 1473 4403; x_wconf 84' lang='grc' dir='ltr'>προσηγορεθθησαν,</span> 
     </span>
     <span class='ocr_line' id='line_1_41' title="bbox 104 4414 1472 4491; baseline 0 -18"><span class='ocrx_word' id='word_1_487' title='bbox 104 4420 155 4473; x_wconf 87' lang='grc' dir='ltr'>οίον</span> <span class='ocrx_word' id='word_1_488' title='bbox 171 4416 319 4491; x_wconf 74' lang='grc' dir='ltr'>Ἐρεχθεὺς,</span> <span class='ocrx_word' id='word_1_489' title='bbox 338 4415 433 4486; x_wconf 69' lang='grc' dir='ltr'>Αἰγεὺς,</span> <span class='ocrx_word' id='word_1_490' title='bbox 454 4415 579 4479; x_wconf 85' lang='grc' dir='ltr'>Πανδίων,</span> <span class='ocrx_word' id='word_1_491' title='bbox 600 4417 681 4484; x_wconf 79' lang='grc' dir='ltr'>Λεῶς,</span> <span class='ocrx_word' id='word_1_492' title='bbox 698 4414 817 4484; x_wconf 80' lang='grc' dir='ltr'>Ἀκάμας</span> <span class='ocrx_word' id='word_1_493' title='bbox 836 4414 961 4484; x_wconf 85' lang='grc' dir='ltr'>(Ἀλκμάς</span> <span class='ocrx_word' id='word_1_494' title='bbox 980 4417 1020 4469; x_wconf 78' lang='lat' dir='ltr'>Et.</span> <span class='ocrx_word' id='word_1_495' title='bbox 1040 4434 1111 4485; x_wconf 65' lang='lat' dir='ltr'>gen„</span> <span class='ocrx_word' id='word_1_496' title='bbox 1128 4415 1225 4487; x_wconf 81' lang='grc' dir='ltr'>Ἀλμᾱς</span> <span class='ocrx_word' id='word_1_497' title='bbox 1244 4421 1284 4473; x_wconf 85' lang='lat' dir='ltr'>Et.</span> <span class='ocrx_word' id='word_1_498' title='bbox 1304 4424 1357 4485; x_wconf 81' lang='grc' dir='ltr'>Μ),</span> <span class='ocrx_word' id='word_1_499' title='bbox 1375 4420 1472 4488; x_wconf 80' lang='grc' dir='ltr'>Οίνεός,</span> 
     </span>
     <span class='ocr_line' id='line_1_42' title="bbox 105 4503 1472 4579; baseline -0.001 -18"><span class='ocrx_word' id='word_1_500' title='bbox 105 4504 220 4579; x_wconf 79' lang='grc' dir='ltr'>Κέκροψ,</span> <span class='ocrx_word' id='word_1_501' title='bbox 242 4504 396 4564; x_wconf 82' lang='grc' dir='ltr'>Ἱπποθόων,</span> <span class='ocrx_word' id='word_1_502' title='bbox 421 4503 490 4570; x_wconf 79' lang='grc' dir='ltr'>Αἴας,</span> <span class='ocrx_word' id='word_1_503' title='bbox 516 4504 653 4577; x_wconf 82' lang='grc' dir='ltr'>Ἀντίοχος.</span> <span class='ocrx_word' id='word_1_504' title='bbox 688 4511 767 4558; x_wconf 78' lang='grc' dir='ltr'>ταῦτα</span> <span class='ocrx_word' id='word_1_505' title='bbox 787 4504 813 4557; x_wconf 85' lang='grc' dir='ltr'>δέ</span> <span class='ocrx_word' id='word_1_506' title='bbox 832 4507 863 4557; x_wconf 81' lang='grc' dir='ltr'>τά</span> <span class='ocrx_word' id='word_1_507' title='bbox 881 4505 943 4556; x_wconf 83' lang='grc' dir='ltr'>δέκα</span> <span class='ocrx_word' id='word_1_508' title='bbox 962 4505 1074 4574; x_wconf 83' lang='grc' dir='ltr'>ὀνόματα</span> <span class='ocrx_word' id='word_1_509' title='bbox 1094 4507 1142 4559; x_wconf 85' lang='grc' dir='ltr'>ἀπὸ</span> <span class='ocrx_word' id='word_1_510' title='bbox 1160 4511 1176 4577; x_wconf 72' lang='grc' dir='ltr'>ρ</span> <span class='ocrx_word' id='word_1_511' title='bbox 1197 4507 1210 4560; x_wconf 90' lang='lat'>6</span> <span class='ocrx_word' id='word_1_512' title='bbox 1229 4509 1321 4576; x_wconf 82' lang='grc' dir='ltr'>(ἄπορα</span> <span class='ocrx_word' id='word_1_513' title='bbox 1338 4509 1351 4561; x_wconf 91' lang='lat'>6</span> <span class='ocrx_word' id='word_1_514' title='bbox 1370 4510 1410 4560; x_wconf 71' lang='lat' dir='ltr'>Et,</span> <span class='ocrx_word' id='word_1_515' title='bbox 1428 4511 1472 4573; x_wconf 77' lang='lat' dir='ltr'>M.)</span> 
     </span>
     <span class='ocr_line' id='line_1_43' title="bbox 106 4589 1472 4664; baseline -0.004 -15"><span class='ocrx_word' id='word_1_516' title='bbox 106 4592 200 4653; x_wconf 75' lang='grc' dir='ltr'>Πύθιος</span> <span class='ocrx_word' id='word_1_517' title='bbox 222 4593 301 4648; x_wconf 81' lang='grc' dir='ltr'>είλετο</span> <span class='ocrx_word' id='word_1_518' title='bbox 321 4589 473 4661; x_wconf 85' lang='grc' dir='ltr'>Κλεισθένης</span> <span class='ocrx_word' id='word_1_519' title='bbox 497 4591 559 4660; x_wconf 85' lang='lat' dir='ltr'>(leg.</span> <span class='ocrx_word' id='word_1_520' title='bbox 585 4589 762 4659; x_wconf 83' lang='grc' dir='ltr'>Κλεισθένους)</span> <span class='ocrx_word' id='word_1_521' title='bbox 781 4590 850 4646; x_wconf 84' lang='grc' dir='ltr'>οὕτω</span> <span class='ocrx_word' id='word_1_522' title='bbox 870 4591 1049 4662; x_wconf 81' lang='grc' dir='ltr'>διαταξάμενος</span> <span class='ocrx_word' id='word_1_523' title='bbox 1071 4596 1132 4663; x_wconf 82' lang='lat' dir='ltr'><strong>(leg.</strong></span> <span class='ocrx_word' id='word_1_524' title='bbox 1157 4595 1348 4664; x_wconf 74' lang='grc' dir='ltr'>διαταξαμένου)</span> <span class='ocrx_word' id='word_1_525' title='bbox 1370 4595 1399 4647; x_wconf 90' lang='grc' dir='ltr'>τὸ</span> <span class='ocrx_word' id='word_1_526' title='bbox 1423 4602 1472 4648; x_wconf 84' lang='grc' dir='ltr'>πᾶν</span> 
     </span>
     <span class='ocr_line' id='line_1_44' title="bbox 105 4678 1472 4754; baseline 0 -19"><span class='ocrx_word' id='word_1_527' title='bbox 105 4682 200 4752; x_wconf 79' lang='grc' dir='ltr'>πλῆθος</span> <span class='ocrx_word' id='word_1_528' title='bbox 218 4684 254 4742; x_wconf 86' lang='grc' dir='ltr'>είς</span> <span class='ocrx_word' id='word_1_529' title='bbox 273 4683 335 4735; x_wconf 88' lang='grc' dir='ltr'>δέκα</span> <span class='ocrx_word' id='word_1_530' title='bbox 354 4678 442 4750; x_wconf 81' lang='grc' dir='ltr'>φυλάς,</span> <span class='ocrx_word' id='word_1_531' title='bbox 462 4687 487 4731; x_wconf 86' lang='lat' dir='ltr'>et</span> <span class='ocrx_word' id='word_1_532' title='bbox 500 4680 563 4732; x_wconf 87' lang='lat' dir='ltr'><strong>Lex.</strong></span> <span class='ocrx_word' id='word_1_533' title='bbox 578 4681 660 4733; x_wconf 78' lang='lat' dir='ltr'><strong>Patm.</strong></span> <span class='ocrx_word' id='word_1_534' title='bbox 680 4699 705 4749; x_wconf 86' lang='lat' dir='ltr'>p.</span> <span class='ocrx_word' id='word_1_535' title='bbox 722 4679 765 4733; x_wconf 74' lang='lat'>15:</span> <span class='ocrx_word' id='word_1_536' title='bbox 785 4679 913 4747; x_wconf 84' lang='grc' dir='ltr'>έπῶνυμοι</span> <span class='ocrx_word' id='word_1_537' title='bbox 926 4679 996 4747; x_wconf 82' lang='grc' dir='ltr'>δέκα,</span> <span class='ocrx_word' id='word_1_538' title='bbox 1015 4680 1061 4752; x_wconf 81' lang='grc' dir='ltr'>ἀφ’</span> <span class='ocrx_word' id='word_1_539' title='bbox 1076 4683 1112 4735; x_wconf 87' lang='grc' dir='ltr'>ῶν</span> <span class='ocrx_word' id='word_1_540' title='bbox 1131 4684 1276 4754; x_wconf 84' lang='grc' dir='ltr'>ἐκλήθησαν</span> <span class='ocrx_word' id='word_1_541' title='bbox 1295 4685 1319 4736; x_wconf 83' lang='grc' dir='ltr'>αί</span> <span class='ocrx_word' id='word_1_542' title='bbox 1338 4684 1415 4753; x_wconf 83' lang='grc' dir='ltr'>φυλαὶ</span> <span class='ocrx_word' id='word_1_543' title='bbox 1428 4688 1472 4736; x_wconf 83' lang='grc' dir='ltr'>τοῦ</span> 
     </span>
     <span class='ocr_line' id='line_1_45' title="bbox 105 4765 1472 4842; baseline 0 -19"><span class='ocrx_word' id='word_1_544' title='bbox 105 4770 163 4823; x_wconf 73' lang='grc' dir='ltr'>θεοῦ</span> <span class='ocrx_word' id='word_1_545' title='bbox 182 4776 257 4823; x_wconf 76' lang='grc' dir='ltr'>τοῦτο</span> <span class='ocrx_word' id='word_1_546' title='bbox 276 4770 424 4842; x_wconf 83' lang='grc' dir='ltr'>χρήσαντος.</span> <span class='ocrx_word' id='word_1_547' title='bbox 462 4769 524 4838; x_wconf 71' lang='grc' dir='ltr'>ἦσαν</span> <span class='ocrx_word' id='word_1_548' title='bbox 544 4768 569 4819; x_wconf 87' lang='grc' dir='ltr'>δέ</span> <span class='ocrx_word' id='word_1_549' title='bbox 590 4768 672 4822; x_wconf 77' lang='grc' dir='ltr'>οὗτοι·</span> <span class='ocrx_word' id='word_1_550' title='bbox 689 4765 838 4840; x_wconf 77' lang='grc' dir='ltr'>Ἐρεχθεός,</span> <span class='ocrx_word' id='word_1_551' title='bbox 863 4766 958 4836; x_wconf 75' lang='grc' dir='ltr'>θίγεθς,</span> <span class='ocrx_word' id='word_1_552' title='bbox 980 4766 1122 4840; x_wconf 83' lang='grc' dir='ltr'>Ἀργῶδων</span> <span class='ocrx_word' id='word_1_553' title='bbox 1140 4770 1221 4836; x_wconf 68' lang='grc' dir='ltr'>(υἱεῖ),</span> <span class='ocrx_word' id='word_1_554' title='bbox 1243 4772 1324 4833; x_wconf 82' lang='grc' dir='ltr'>Λεώς,</span> <span class='ocrx_word' id='word_1_555' title='bbox 1345 4769 1472 4839; x_wconf 85' lang='grc' dir='ltr'>Ἀκάμας,</span> 
     </span>
     <span class='ocr_line' id='line_1_46' title="bbox 105 4853 1470 4929; baseline -0.001 -16"><span class='ocrx_word' id='word_1_556' title='bbox 105 4856 200 4926; x_wconf 74' lang='grc' dir='ltr'>οένείος,</span> <span class='ocrx_word' id='word_1_557' title='bbox 219 4855 336 4929; x_wconf 74' lang='grc' dir='ltr'>Κέκροψ,</span> <span class='ocrx_word' id='word_1_558' title='bbox 352 4854 491 4920; x_wconf 82' lang='grc' dir='ltr'>Ἱππόθων,</span> <span class='ocrx_word' id='word_1_559' title='bbox 512 4853 648 4928; x_wconf 78' lang='grc' dir='ltr'>Ἀντίοχος,</span> <span class='ocrx_word' id='word_1_560' title='bbox 669 4856 737 4914; x_wconf 82' lang='grc' dir='ltr'>Αἴας.</span> <span class='ocrx_word' id='word_1_561' title='bbox 765 4856 870 4914; x_wconf 78' lang='grc' dir='ltr'>τοθτους</span> <span class='ocrx_word' id='word_1_562' title='bbox 888 4858 933 4927; x_wconf 83' lang='grc' dir='ltr'>γὰρ</span> <span class='ocrx_word' id='word_1_563' title='bbox 948 4856 973 4917; x_wconf 76' lang='grc' dir='ltr'>ἐξ</span> <span class='ocrx_word' id='word_1_564' title='bbox 986 4858 1119 4928; x_wconf 85' lang='grc' dir='ltr'>ὀνομάτων</span> <span class='ocrx_word' id='word_1_565' title='bbox 1133 4860 1224 4913; x_wconf 82' lang='grc' dir='ltr'>ἑκατὸν</span> <span class='ocrx_word' id='word_1_566' title='bbox 1237 4859 1250 4912; x_wconf 89' lang='lat'>6</span> <span class='ocrx_word' id='word_1_567' title='bbox 1264 4859 1322 4918; x_wconf 84' lang='grc' dir='ltr'>θεὸς</span> <span class='ocrx_word' id='word_1_568' title='bbox 1335 4859 1470 4921; x_wconf 77' lang='grc' dir='ltr'>ἐξελέξατο.</span> 
     </span>
     <span class='ocr_line' id='line_1_47' title="bbox 106 4945 648 5016; baseline -0.006 -15"><span class='ocrx_word' id='word_1_569' title='bbox 106 4947 143 5001; x_wconf 75' lang='lat' dir='ltr'>Of.</span> <span class='ocrx_word' id='word_1_570' title='bbox 164 4947 243 5016; x_wconf 81' lang='lat' dir='ltr'><strong>Harp.</strong></span> <span class='ocrx_word' id='word_1_571' title='bbox 262 4946 390 5015; x_wconf 76' lang='grc' dir='ltr'>ἐπώνυμοι</span> <span class='ocrx_word' id='word_1_572' title='bbox 409 4946 512 5012; x_wconf 72' lang='grc' dir='ltr'>(Ρθοαῐ</span> <span class='ocrx_word' id='word_1_573' title='bbox 537 4945 648 5009; x_wconf 79' lang='grc' dir='ltr'>8οίά.ῐ).</span> 
     </span>
    </p>
   </div>
   <div class='ocr_carea' id='block_1_6' title="bbox 0 0 1760 5610">
    <p class='ocr_par' dir='ltr' id='par_1_8' title="bbox 0 0 1760 5610">
     <span class='ocr_line' id='line_1_48' title="bbox 0 0 1760 5610; baseline 0 0"><span class='ocrx_word' id='word_1_574' title='bbox 0 0 1760 5610; x_wconf 95' lang='lat' dir='ltr'> </span> 
     </span>
    </p>
   </div>
  </div>
 </body>
</html>
