3510 5610
169 334 388 391 VERBORUM

223 511 320 578 μάζειν)
347 510 408 577 183
446 509 558 577 (όμόσαι)
581 509 645 577 35,3
681 507 781 575 (παθεῖν
810 509 825 576 ἡ

222 599 360 666 ἀποτεῖσαι)
371 598 449 665 1131
460 597 520 663 803
544 596 574 651 οδ
583 599 666 671 χρεών
677 599 738 652 Solo
751 598 828 664 1930

169 685 304 760 χρῆσθαι
327 689 375 754 (sc.
392 695 444 745 τοῖς
467 687 562 754 νόμοις)
585 686 650 749 135
675 686 738 752 939
762 685 826 749 353

221 777 300 840 4931
323 776 362 829 τί.
377 776 442 842 930
460 774 539 842 9531
561 774 625 838 265
644 773 727 837 5830
763 773 828 841 (τοῖς

221 862 333 932 θεσμοῖς)
353 862 418 927 133
455 868 516 930 (τοῖς
535 863 677 932 ἐπωνώμοις
699 862 743 915 καλ
765 862 826 933 πρὸς

220 952 265 1010 τὰς
289 951 427 1023 στρατεῖαι)
450 953 531 1019 5939
568 953 617 1022 (τῷ
639 949 741 1021 πλήθει)
763 952 825 1019 193

221 1039 336 1105 (δικαίοις
349 1042 457 1108 μίτραις)
471 1039 531 1104 553
563 1041 612 1110 (τῷ
625 1044 671 1108 μὲν
684 1043 824 1112 στρατηγῷ,

221 1134 257 1197 τῷ
276 1126 302 1180 δί
322 1128 470 1198 συμβοὺλιρ)
490 1126 567 1193 9139
604 1132 665 1192 (τοῖς
684 1131 825 1200 συμμάχοις

220 1215 452 1287 δεσποτικωτέρως)
479 1215 544 1279 188
590 1218 631 1286 (τῇ
661 1214 733 1269 πόλει
759 1220 826 1290 πάσῃ

222 1306 363 1375 πατρικῶς)
383 1305 463 1369 3931
503 1303 601 1372 (καλῶς
620 1311 672 1362 τοῖς
690 1306 826 1374 πράγμασι)

219 1394 284 1459 313
330 1398 394 1459 (ταῖς
424 1394 647 1465 προγεγενημέναις
675 1396 826 1464 συμφοραῖς)

1288 333 1387 413 ψῆφος
1474 325 1541 393 155

933 504 1028 578 κληθὲν
1053 504 1155 575 ὕστερον
1178 507 1273 575 ἀτελές)
1300 513 1361 576 193
1396 514 1492 578 fundus
1515 510 1540 564 τί

933 595 1041 664 γίγνεται
1064 596 1093 649 ίκ
1112 601 1157 649 τοῦ
1176 599 1273 669 χωρίου
1296 601 1355 666 19,5
1392 599 1538 667 (olivetum)

932 684 997 748 11,6
1035 685 1103 752 plur.
1121 687 1152 738 τὰ
1170 689 1253 760 χωρία
1271 691 1353 741 πάντα
1371 688 1490 758 ἄφρακτα
1508 690 1540 761 ἦν

932 771 1098 836 3035113
1136 777 1216 841 (coni.
1234 777 1319 842 οἰκίαι)
1343 777 1424 839 5031
1462 778 1538 847 (opp.

932 860 1019 916 ο1κίαι)
1038 859 1098 924 513
1118 862 1179 928 563

878 948 983 1017 χωρίς.
1011 949 1068 1001 adv.
1080 949 1213 1023 ἑκατέρους
1223 952 1360 1006 ἀποδοῦναι
1372 955 1450 1026 χωρίς
1460 955 1538 1021 4136

930 1034 1014 1099 4130
1053 1038 1085 1089 τά
1112 1037 1176 1092 ἄλλα
1199 1042 1330 1094 ἀπόκειται
1352 1042 1432 1114 χωρίς
1455 1043 1537 1106 5131

930 1126 1009 1196 χωρίς
1028 1126 1072 1194 μὲν
1086 1166 1092 1179 .
1107 1167 1114 1180 .
1127 1167 1134 1180 .
1147 1132 1225 1200 χωμλς
1238 1128 1263 1181 δέ
1278 1129 1337 1194 583
1351 1129 1429 1193 8139
1460 1131 1538 1203 χωρίς

932 1212 1017 1280 μέν..
1033 1215 1131 1284 ,χωρίς
1155 1216 1180 1268 δέ
1199 1215 1281 1282 5034
1328 1235 1420 1287 μειερ.
1438 1234 1460 1271 c.
1478 1235 1538 1288 gen.

932 1303 1010 1372 χωμίς
1028 1303 1156 1375 ἑκατέρων
1175 1304 1253 1372 1135

218 1481 279 1547 433
310 1483 359 1553 (τιμ
378 1480 473 1552 πρώτῳ
489 1480 594 1552 λαχόντι
605 1480 769 1553 δικαστηρίῳ)
781 1483 825 1549 31,

221 1570 253 1623 18
283 1588 315 1642 τη
329 1568 435 1643 είωθυίφ
448 1571 572 1642 πρφότητι
585 1569 661 1635 1631
694 1571 742 1624 τίνι
754 1570 825 1642 αίιτιγῖ

219 1659 339 1729 χρήσεται
362 1658 445 1725 1130
486 1657 524 1710 ότι
546 1657 665 1727 χρήσεται
688 1667 740 1717 τοῖς
762 1659 825 1730 χρή·
879 1652 1539 1730 Ψάλτριαρίιιτ.(τοα1.αδ)ητρίδες,κιθαρίστριαι)

170 1761 173 1765 ’
219 1762 292 1816 μασιν
305 1746 383 1814 2639
411 1746 494 1799 absol.
508 1744 600 1799 καθότι
612 1746 642 1798 δν
657 1745 727 1800 οὗτοι
739 1746 824 1814 δῶσιν,
930 1742 990 1808 543

219 1836 284 1888 κατὰ
302 1841 377 1888 τοῦτο
395 1841 507 1907 χρῶνται
526 1834 586 1901 69,6
877 1831 1104 1903 ψευδεγγραφή.
1142 1834 1332 1906 ψευδεγγραφῆς
1350 1838 1433 1906 γραφή
1453 1836 1513 1902 103

166 1923 315 1993 χρησμός.
364 1931 487 1994 χρησμῶν
517 1923 674 1993 γιγνομένων
705 1926 743 1979 ἀεὶ
772 1934 824 1985 τοῖς
877 1919 992 1989 ψευδής
1011 1919 1100 1987 (αἰτία)
1120 1922 1178 1985 131

216 2009 323 2065 Λάκωσι
341 2010 475 2064 καταλύειν
493 2012 540 2081 τὴν
559 2012 692 2082 τυραννίδα
712 2015 789 2083 2133
877 2005 1120 2077 ψευδονδηττία.
1157 2011 1355 2084 ψευδοκλητείας
1373 2014 1456 2083 γραφή
1476 2012 1537 2079 103

165 2100 408 2171 χρηστηριάζειν
428 2101 494 2153 med.
515 2100 591 2166 2232
876 2094 1149 2167 ψιυδομαρτώριον
1168 2101 1208 2164 (τά
1227 2099 1253 2161 ἐξ
1263 2097 1357 2173 Ἀρείου
1371 2102 1463 2171 πάγου)
1477 2100 1537 2166 103

165 2188 286 2258 χρόνος.
323 2188 349 2241 ἐν
375 2187 432 2258 δίκη
452 2189 543 2258 χρόνου
563 2189 623 2242 8010
646 2189 707 2255 13,5
744 2190 823 2244 πολὺν
877 2184 1023 2254 ψηφίζειν
1048 2187 1115 2239 med.
1133 2187 1180 2240 οθκ
1203 2187 1296 2249 ἔξεστιν
1321 2189 1393 2242 οὐδὲν
1412 2189 1537 2261 άπροβοὺ·

216 2277 308 2348 χρόνον
331 2276 375 2344 3,5
400 2278 439 2340 63
469 2277 545 2341 1130
571 2278 645 2342 1937
665 2278 726 2346 313
745 2279 824 2346 9930
928 2271 1016 2325 λευτον
1044 2271 1098 2326 οοδ’
1119 2273 1157 2328 δτι
1185 2276 1214 2328 δν
1242 2278 1277 2346 μὴ
1305 2278 1485 2347 προγράφωσιν
1513 2279 1537 2330 οί

216 2362 280 2429 313
304 2363 369 2430 393
408 2364 487 2418 πλείω
511 2366 603 2435 χρόνον
626 2367 688 2431 483
731 2367 823 2438 χρόνον

216 2453 272 2504 τινά
290 2452 374 2517 3138
412 2453 500 2524 μικρὸν
520 2453 611 2526 χρόνον
630 2456 695 2521 183
730 2457 823 2528 χρόνου

217 2538 283 2597 τινὸς
302 2537 444 2600 διελθόντος
471 2542 537 2605 530
576 2544 633 2613 περί
659 2543 703 2596 τὸν
731 2545 822 2614 χρόνον

216 2631 306 2681 τοῦτον
325 2628 409 2693 *2134
446 2630 480 2689 είς
502 2630 546 2683 τδν
564 2630 652 2684 λοιπὸν
670 2631 761 2703 χρόνον
780 2633 822 2697 34,

219 2717 251 2768 14
288 2718 322 2774 είς
344 2717 388 2770 τδν
407 2717 530 2787 μέλλοντα
557 2720 646 2792 χρόνον
670 2719 749 2785 3431
789 2721 823 2779 είς

217 2803 261 2856 τόν
280 2804 357 2858 ἄλλον
375 2807 467 2879 χρόνον
480 2806 559 2872 3534
589 2808 682 2879 χρόνον
695 2808 823 2863 διαπεσόν-

216 2911 258 2951 τος
277 2894 384 2966 βραχέος
398 2894 476 2960 3834
511 2895 555 2948 τὸν
573 2897 619 2965 μέν
638 2895 714 2950 ἄλλον
732 2898 823 2970 χρόνον

217 2981 289 3048 (ορρ.
303 2980 360 3033 τότε
373 2980 410 3048 δέ)
425 2982 484 3047 613
498 2984 529 3035 οί.
543 2984 620 3050 1131
653 2986 719 3053 plur.
732 2987 823 3059 μικρὸν

217 3066 246 3118 ἂν
264 3065 434 3136 παραλλάττοι
452 3077 504 3129 τοῖς
522 3071 623 3143 χρόνοις
642 3074 702 3140 434
739 3078 821 3145 (προέ-

216 3172 303 3225 χουσιν
332 3155 462 3226 ἀλλήλων)
485 3157 546 3225 431
592 3160 631 3214 διὰ
657 3170 710 3215 τῶν
738 3164 823 3217 αὐτῶν

215 3243 316 3315 χρόνων
332 3245 408 3310 1433
438 3245 464 3298 ἐν
483 3254 533 3305 τοῖς
551 3248 608 3302 τότε
622 3250 674 3316 (vel
689 3253 821 3322 πρότερον)

216 3332 313 3404 χρόνοις
332 3333 409 3398 1938
423 3334 483 3398 313
512 3342 565 3387 τῶν
583 3337 683 3410 χρόνων
702 3344 748 3410 της
766 3341 822 3395 ἀτε·

216 3420 282 3479 λείας
301 3422 336 3492 μή
357 3421 546 3493 ἐξεληλυθότων
565 3425 642 3490 6339

164 3511 290 3578 χρυσίον
310 3509 377 3578 plur.
392 3512 471 3578 (coni.
485 3512 600 3585 ἀργώρια)
619 3516 697 3578 1134

164 3602 300 3668 χρυσοῦς
318 3598 441 3671 (ἀνδρίας)
461 3600 521 3662 136
541 3600 601 3667 633

163 3691 274 3757 χρῶμα
287 3687 320 3738 ad
334 3687 524 3757 distinguenda
538 3691 636 3746 iudicia
648 3695 740 3760 76,7.·8
754 3696 822 3764 plur.

214 3775 302 3840 1133.
316 3777 346 3829 16

163 3861 251 3934 χώρα
275 3874 342 3914 terra
365 3865 432 3916 culta
450 3865 645 3940 ἐξεργαζομένης
666 3877 713 3941 της
735 3874 822 3945 χώρας

218 3950 294 4014 1839
325 3952 340 4022 ή
360 3953 434 4025 χώρα
453 3951 487 4007 δι’
504 3955 597 4025 ὀλίγων
615 3957 647 4027 ήν
660 3959 720 4026 539
752 3977 821 4016 συνε-

216 4039 320 4109 πρίαντο
343 4041 438 4112 πολλὴν
461 4044 547 4114 χώραν
576 4046 620 4108 13
664 4048 710 4118 τήν
733 4050 821 4121 χώραν

216 4126 354 4180 ἀνάδαστον
374 4134 486 4183 ποιοῦσιν
507 4132 584 4198 4233
621 4154 664 4185 νινε
683 4139 749 4189 κατά
773 4139 819 4209 τήν

217 4214 306 4287 χώραν
325 4220 398 4285 (ομρ,
417 4220 443 4271 ἐν
461 4221 500 4287 τῷ
518 4221 597 4290 ἄστει)
619 4224 699 4291 1838
736 4228 819 4298 (στρα-

215 4305 289 4375 τηγὸς
308 4304 333 4371 δ)
353 4306 392 4361 ἐπὶ
411 4308 457 4378 τὴν
476 4310 565 4382 χώραν
584 4312 715 4382 11395η.
753 4311 820 4388 ίξήει

215 4391 336 4451 πολλάκις
355 4396 390 4452 είς
400 4397 446 4465 τήν
459 4399 547 4469 χώραν
562 4400 638 4463 1833
669 4401 821 4475 τειχίσαντες

215 4482 241 4533 έν
260 4483 293 4550 τῇ
305 4482 378 4554 χώρᾳ
391 4482 538 4557 Αειψ·ἰδριον
552 4486 612 4554 993
644 4490 739 4558 ephebi
753 4510 819 4562 περι·

215 4567 319 4622 πολοῦσι
337 4571 383 4640 τήν
402 4573 489 4644 χώραν
502 4573 563 4641 453
593 4578 695 4630 Attica:
714 4579 820 4649 διένειμε

215 4656 261 4725 τήν
283 4658 371 4728 χώραν
393 4662 459 4713 κατὰ
482 4661 578 4730 δήμους
596 4666 731 4736 τρίακοντα
755 4670 819 4741 μέρη

215 4745 292 4810 9439
329 4749 383 4816 περὶ
402 4749 517 4820 φυλακῆς
536 4756 582 4821 τῆς
600 4753 687 4825 χώρας
705 4756 784 4818 4630

163 4841 278 4904 χωρεῖν
297 4853 385 4904 ιτερατα
404 4837 461 4907 (τὴν
481 4839 577 4909 ψῆφον)
596 4841 656 4906 813

165 4920 281 4991 χωρίον
305 4922 330 4990 (δ
354 4924 466 4979 καλεῖται
490 4924 635 5000 Ῥαίκηλος)
661 4930 743 4999 1139
783 4933 822 4998 (τὸ

929 2363 1059 2432 πρυτάνεις
1086 2362 1245 2434 ψηφίσασθαι
1275 2371 1313 2434 τῷ
1345 2365 1419 2435 δήμῳ
1452 2364 1537 2433 4938

930 2447 944 2501 ό
953 2468 976 2502 τι
987 2449 1016 2501 ἂν
1026 2449 1051 2502 οἱ
1061 2450 1175 2504 δικασταί
1185 2452 1347 2523 ψηφίσωνται
1357 2455 1417 2516 49,6
1448 2453 1535 2523 (μηδε·

929 2537 988 2605 μίαν
1007 2538 1088 2611 ἀρχήν
1112 2541 1172 2593 εἶναι
1191 2540 1357 2612 μισθοφόρον)
1376 2541 1441 2607 363
1478 2543 1535 2595 abe.

930 2625 973 2690 (de
1002 2628 1118 2680 iudicum
1144 2629 1281 2697 suffragio)
1307 2631 1369 2693 813
1388 2646 1445 2698 sqq.
1469 2630 1534 2695 813

929 2714 963 2772 είς
986 2715 1029 2772 οδς
1046 2719 1092 2780 (sc.
1107 2718 1164 2774 τοὺς
1184 2717 1322 2789 ἀμφορέας)
1341 2717 1493 2790 ψηφίζονται
1511 2719 1535 2771 οί

928 2802 1043 2856 δικασταί
1061 2804 1122 2869 81,6

876 2890 1021 2961 ψήφισμα
1040 2892 1172 2959 (Periclis)
1186 2893 1262 2956 9931
1295 2894 1335 2961 (τὸ
1355 2893 1471 2964 ψήφισμα
1489 2898 1534 2948 τοῦ

929 2974 1086 3048 Πυθοδώρου
1114 2996 1137 3032 a.
1155 2981 1218 3048 411)
1244 2980 1306 3048 333
1350 2982 1463 3041 είπάντος
1490 2981 1534 3035 τὸν

929 3069 974 3135 μὲν
987 3068 1035 3138 πρδ
1048 3072 1093 3121 τοῦ
1107 3069 1267 3141 ψηφίσματος
1280 3070 1447 3138 (Pythodori)
1461 3070 1535 3140 λόγον

930 3153 1061 3226 Μηλοβίου
1087 3157 1170 3223 3231
1208 3154 1360 3227 Κλειτοφῶν
1384 3157 1410 3210 δὲ
1434 3160 1466 3210 τά
1489 3163 1535 3227 μέν

929 3243 992 3296 ἀλλα
1011 3244 1126 3312 καθάπερ
1146 3240 1300 3316 ίίυθόδωρος
1319 3246 1385 3299 εἶπεν
1405 3246 1459 3298 ατλ.
1473 3247 1534 3313 33,5

928 3331 1021 3402 ἔγραψε
1049 3334 1077 3386 τδ
1106 3334 1224 3405 ψήφισμα
1251 3332 1422 3406 Δρακοντίδης
1449 3335 1533 3401 3136

926 3423 1086 3491 γραψάμενος
1104 3422 1133 3474 τὸ
1152 3424 1270 3494 ψήφισμα
1289 3423 1443 3494 παρανόμων
1455 3424 1534 3487 4133

928 3508 988 3572 ’193
1018 3509 1030 3561 δ
1040 3512 1201 3581 γραμματεὺς
1213 3513 1245 3562 τὰ
1256 3512 1404 3581 ψηφίσματα
1415 3510 1535 3581 φυλάττει

928 3598 1011 3662 6030
1048 3598 1106 3651 όταν
1125 3600 1243 3670 ψήφισμα
1263 3600 1318 3654 κτλ.
1343 3599 1356 3652 δ
1373 3602 1534 3668 γραμματεὺς

927 3685 1122 3755 ἀναγιγνώσκειν
1151 3686 1230 3757 μέλλῃ
1258 3687 1324 3755 193
1365 3691 1446 3740 πάντα
1474 3688 1533 3741 διοι-

928 3780 1008 3826 κεῖται
1026 3774 1182 3844 ψηφίσμασιν
1200 3775 1262 3837 433

875 3861 979 3932 ψῆφος
1001 3874 1096 3914 tessera
1117 3864 1239 3916 iudicialis
1262 3880 1345 3918 aenea
1368 3873 1462 3937 χωρεῖν
1486 3865 1532 3936 τήν

927 3949 1012 4020 ψῆφον
1035 3952 1078 4014 (de
1104 3967 1186 4003 urnae
1207 3952 1342 4019 operculo)
1361 3952 1426 4019 81,ss
1449 3953 1532 4006 deser.

927 4038 987 4104 80,ss
995 4055 1051 4107 sqq.
1062 4038 1148 4102 8133.
1158 4038 1251 4107 l9sqq.
1270 4041 1415 4108 suffrayium
1429 4039 1442 4093 δ
1453 4039 1532 4110 δῆμος

926 4130 972 4196 τῆς
985 4128 1073 4197 ψήφου
1086 4125 1171 4196 κώριος
1184 4127 1270 4198 κόριος
1282 4127 1391 4197 γίγνεται
1404 4133 1450 4197 τῆς
1463 4128 1532 4181 πολι·

925 4214 993 4272 τείας
1014 4216 1069 4282 113
1104 4214 1265 4286 δικαστηρίου
1285 4215 1379 4285 ψῆφος,
1400 4232 1460 4285 ογην.
1475 4217 1533 4287 βου-

926 4301 972 4372 λῆς
985 4301 1166 4375 ἐπιχειροτονία
1179 4302 1255 4366 6131
1285 4302 1371 4356 δίδωσι
1383 4306 1430 4374 τἠν
1443 4305 1530 4376 ψῆφον

926 4389 1003 4454 6939
1023 4390 1143 4461 πρότερον
1154 4397 1199 4459 μὲν
1210 4390 1244 4449 εἷς
1252 4390 1369 4460 ἐνέβαλλε
1378 4392 1425 4461 τήν
1436 4393 1532 4462 ψῆφον,

924 4482 967 4529 νῦν
986 4474 1011 4529 δ’
1026 4479 1123 4545 ἀνάγκη
1137 4481 1231 4536 πάντας
1245 4479 1439 4549 διαψηφίζεσθαι
1452 4481 1531 4539 6930

924 4566 959 4636 μὴ
987 4563 1055 4636 λάθῃ
1083 4565 1235 4636 δποβάλλων
1267 4586 1304 4626 τις
1331 4567 1432 4637 ψήφους
1464 4569 1530 4636 81,5

924 4652 1038 4706 δικασταί
1056 4655 1079 4706 οί
1098 4655 1138 4707 έπλ
1156 4655 1201 4714 τάς
1220 4654 1321 4725 ψήφους
1339 4655 1399 4721 18,6
1418 4657 1497 4720 8030
