3510 5610
379 305 602 360 ARISTOTELIS
622 305 686 359 RES
705 304 856 359 PUBLIOA
875 305 1136 360 ATHENIENSIUM
1153 305 1221 360 XIX
1235 306 1371 361 5-XX3
1513 308 1554 372 23

246 482 340 550 ἱππεῖς
366 480 496 564 ἐνίκησεν
523 480 689 548 κωλύοντας
715 479 802 544 αότδν
835 480 877 549 είς
902 481 955 563 τὴν
973 478 1112 565 Ἀττικήν
1140 480 1285 564 παριέναι,
1312 480 1502 551 κατακλείσας
1513 487 1556 557 μ8

245 585 291 647 τδν
313 581 431 647 Ἱππίαν
465 584 506 652 είς
539 585 571 648 τὸ
598 585 776 665 καλούμενον
805 582 981 667 Πελαργικὸν
1016 590 1114 670 τεῖχος
1140 585 1304 670 ἐπολιόρκει
1338 585 1412 668 μετὰ
1443 591 1502 649 τῶν

242 685 423 772 Ἀθηναίων.
511 687 755 773 προσκαθημένου
779 685 804 750 δ’
825 687 914 752 αὐτοῦ
938 687 1094 751 συνέπεσεν
1114 687 1281 757 ὑπεξιόντος
1302 690 1413 753 ἁλῶναι
1435 689 1503 758 τοδς
1539 696 1556 753 ό

243 795 301 854 τῶν
330 789 574 876 Πεισιστρατιδῶν
601 792 687 861 υἱεῖς·
715 792 756 854 ῶν
783 791 956 875 ληφθέντων
984 792 1138 874 ὁμολογίαν
1165 792 1213 855 ἐπὶ
1239 797 1277 877 πή
1305 797 1364 856 τῶν
1392 794 1501 856 παίδων

211 913 225 962 5
244 894 373 979 σωτηρίη
389 897 581 977 ποιησάμενοι
603 896 651 959 καὶ
674 895 710 958 τὰ
733 896 845 959 ἑαυτῶν
869 895 898 958 ἐν
921 894 1008 958 πένθ’
1024 894 1147 979 ἡμέραις
1168 895 1392 978 ἐκκομισάμενοι
1416 896 1502 981 παρέ·

244 1000 339 1062 δωκαν
355 999 407 1082 τὴν
424 997 579 1082 ἀκρόπολιν
595 1002 654 1065 τοῖς
667 996 842 1082 Ἀθηναίοις
857 996 905 1060 ἐπὶ
916 995 923 1021 “
933 995 1117 1082 Αρπακτίδου
1134 997 1285 1084 ἄρχοντος,
1305 998 1502 1084 κατασχόντες

243 1102 294 1185 τὴν
317 1101 470 1186 τυραννίδα
494 1101 566 1184 μετὰ
589 1103 641 1185 τὴν
664 1105 713 1164 τοῦ
737 1101 845 1185 πατρδς
867 1101 1002 1183 τελευτήν
1026 1099 1077 1182 ἔτη
1101 1103 1226 1185 μάλιστα
1241 1103 1445 1185 ἑπτακαιδεκα,
1466 1103 1503 1168 τὰ

244 1206 276 1268 δὲ
299 1206 451 1287 σύμπαντα
474 1205 525 1268 σὺν
549 1204 592 1274 οἷς
615 1205 631 1268 ό
654 1205 750 1288 πατήρ
773 1201 858 1287 ήρξεν
882 1204 946 1273 ένδς
968 1207 1015 1267 δεῖ
1034 1206 1222 1288 πεντήκοντα.

296 1381 298 1385 y
327 1308 395 1373 XX.
418 1309 631 1390 καταλυθείσης
658 1308 690 1371 δὲ
711 1314 764 1391 τῆς
786 1309 951 1392 τυραννιδος
974 1308 1142 1381 ἐστασίαζον
1165 1309 1236 1392 πρὸς
1260 1308 1404 1390 ἀλλήλους
1425 1307 1501 1373 Ἰσα-
1543 1319 1554 1375 1

196 1433 224 1480 ιο
242 1413 330 1499 γόρας
356 1413 372 1475 ό
400 1409 577 1496 Τεισάνδρου
604 1411 686 1495 φιλος
713 1413 754 1475 ῶν
781 1415 840 1475 τῶν
866 1413 1011 1494 τυράννων
1039 1413 1088 1475 καὶ
1115 1408 1297 1496 Κλεισθένης
1323 1416 1374 1476 τοῦ
1400 1412 1502 1496 γένους

242 1517 282 1579 ῶν
305 1520 363 1579 τῶν
376 1514 617 1598 Ἀλκμεωνιδῶν.
655 1516 823 1597 ἡττώμενος
845 1515 877 1577 δὲ
899 1519 962 1584 ταῖς
984 1514 1137 1598 ἑταιρείαις
1159 1513 1373 1597 όΚλεισθένης
1395 1537 1502 1602 προση-

241 1622 345 1702 γάγετο
368 1619 416 1680 τδν
439 1620 542 1702 δῆμον,
565 1619 721 1686 ἀποδιδοὺς
742 1622 785 1703 τῷ
811 1617 918 1701 πλήθει
941 1619 993 1701 τὴν
1016 1618 1172 1682 πολιτείαν.
1261 1619 1332 1682 όδέ
1351 1617 1504 1705 Ἰσαγόρας
1539 1630 1556 1685 2

242 1720 461 1804 ἐπιλειπόμενος
483 1725 521 1803 τη
537 1721 658 1801 δυνάμει
681 1723 766 1783 πάλιν
783 1719 1031 1803 ἐπικαλεσάμενος
1050 1723 1099 1785 τδν
1116 1719 1296 1805 Κλεομένην,
1320 1720 1389 1786 όντα
1405 1724 1501 1810 δευτηῖ

242 1824 330 1903 ξένον,
358 1824 526 1888 συνέπεισεν
549 1823 677 1887 ἐλαόνειν
700 1825 733 1887 τὸ
756 1823 837 1908 άγος,
864 1824 911 1888 διὰ
934 1825 966 1887 τδ
988 1825 1055 1894 τοδε
1069 1818 1291 1908 Ἀλκμεωνίδας
1313 1827 1406 1890 δοκεῖν
1429 1827 1502 1893 εἶναι

196 1949 224 1998 15
244 1934 302 1992 τῶν
320 1930 440 2011 ἐναγῶν.
528 1927 737 1997 όπεξελθόντος
756 1929 788 1992 δὲ
803 1932 854 1992 τοῦ
870 1926 1066 1998 Κλεισθένους
1080 1929 1269 2013 (ἀφικόμενος
1291 1931 1306 1994 ό
1323 1927 1505 2019 Κλεομένης)
1541 1942 1558 2001 3

243 2025 308 2115 μετ’
333 2032 438 2114 όλίγων
461 2032 600 2116 ήγηλάτει
622 2037 680 2093 τῶν
693 2029 867 2116 Ἀθηναίων
890 2032 1064 2103 ἑπτακοσίας
1086 2033 1190 2101 οἰκίας·
1218 2037 1308 2096 ταῦτα
1330 2034 1363 2096 δέ
1384 2035 1502 2119 διαπρα-

243 2136 362 2215 ξάμενος
385 2137 437 2218 τήν
461 2136 512 2216 μὲν
536 2135 644 2219 βουλὴν
667 2135 802 2219 ἐπειρᾶτο
826 2135 993 2216 καταλόειν,
1018 2134 1170 2222 Ἰσαγόραν
1197 2137 1229 2200 δέ
1251 2138 1300 2201 καὶ
1321 2137 1503 2221 τριακοσίους

240 2244 299 2302 τῶν
326 2239 419 2322 φιλων
447 2236 509 2322 μετ’
537 2237 627 2301 αὐτοῦ
654 2239 769 2323 κυρίους
795 2239 966 2302 καθιστάναι
995 2243 1047 2324 τῆς
1074 2242 1198 2310 πόλεως.
1248 2245 1301 2323 τῆς
1333 2241 1366 2305 δέ
1394 2243 1503 2327 βουλῆς

241 2343 416 2423 άντιστάσης
444 2342 493 2405 καὶ
515 2341 775 2425 συναθροισθέντος
801 2346 852 2405 τοῦ
875 2343 1008 2427 πλήθους
1033 2344 1060 2406 οἱ
1089 2345 1141 2423 μέν
1167 2345 1232 2428 περὶ
1259 2344 1308 2407 τδν
1331 2341 1501 2431 Κλεομένην

190 2464 222 2513 νο
240 2447 288 2509 καὶ
308 2438 459 2530 Ἰσαγόραν
482 2444 644 2528 κατέφυγον
672 2446 713 2513 είς
740 2447 792 2528 τήν
815 2445 987 2531 ἀκρόπολιν,
1015 2448 1031 2510 ό
1058 2449 1091 2511 δὲ
1113 2451 1207 2533 δῆμος
1233 2448 1285 2512 δύο
1311 2447 1363 2531 μέν
1390 2448 1502 2534 ἡμέρας

241 2548 514 2634 προσκαθεζόμενος
543 2546 720 2634 ἐπολιόρκει,
748 2553 786 2631 τῇ
814 2550 846 2612 δὲ
872 2549 955 2633 τρίτη
986 2547 1157 2635 Κλεομένην
1185 2552 1238 2633 μὲν
1264 2551 1313 2615 καλ
1338 2551 1406 2621 τοὺς
1432 2550 1496 2634 μετ’

191 2683 292 2691 --
458 2682 484 2687 --
533 2681 591 2688 —-

192 2740 203 2791 1
223 2737 401 2804 κατακλείσας]
425 2732 588 2811 κατακλήσεις
607 2737 693 2802 K-W‚
716 2737 783 2804 ll-L‚
805 2738 858 2802 Β1.;
882 2738 965 2791 eiad
988 2737 1088 2806 p.18‚7
1231 2738 1247 2792 3
1271 2739 1411 2802 επεξιοντας
1434 2740 1464 2804 L,
1489 2758 1555 2796 corr.

191 2827 279 2894 Wyse,
298 2827 332 2879 ελ
475 2826 492 2878 4
510 2825 700 2897 πισιστρατιδων
721 2825 741 2877 L
883 2827 898 2878 6
918 2825 1058 2898 αρπακιδου
1076 2827 1176 2894 (littera
1198 2847 1217 2881 π
1235 2833 1296 2883 ante
1318 2847 1349 2899 αρ
1368 2828 1465 2892 deleta)
1484 2828 1517 2892 L;
1540 2848 1556 2882 τ

190 2931 316 2984 suprascr.
336 2915 368 2966 L¹
511 2913 582 2966 βδεῖ
601 2913 683 2981 (quod
704 2915 782 2966 etiam
802 2916 829 2967 in
851 2914 927 2967 βοαί.
946 2910 968 2966 Β
984 2913 1015 2966 13
1034 2913 1114 2967 habet
1132 2914 1185 2967 MS.
1204 2915 1263 2968 Par.
1286 2915 1364 2982 1141)
1387 2916 1554 2969 retinendum

190 3020 248 3057 οεεο
266 3003 370 3057 videtur
389 3004 430 3056 hic
450 3010 476 3056 et
495 3003 523 3054 in
543 3019 567 3069 μ.
581 3001 641 3063 30,7
662 3002 724 3069 (BL,
738 3003 849 3070 K·W⁸);
869 3002 919 3056 δειν
937 3003 962 3055 J.
975 3002 1006 3054 11.
1020 3001 1050 3054 B.
1064 3003 1163 3071 Μοχοε,
1182 3003 1208 3057 S.
1325 3002 1341 3055 9
1360 3000 1556 3076 καταλυθείσης]

190 3099 367 3146 anteversum
387 3093 431 3160 qui
451 3092 499 3144 hoc
517 3093 597 3144 verbo
617 3093 712 3159 incipit
731 3092 836 3145 coronis
848 3093 876 3145 in
890 3092 1007 3159 margine
1021 3091 1126 3160 depicta
1138 3096 1178 3145 esi
1299 3092 1331 3144 10
1348 3090 1480 3162 τισανδρου
1499 3091 1520 3144 L

189 3180 282 3252 φιλίας)
301 3196 351 3233 om.
371 3180 414 3242 L',
434 3180 493 3232 add.
512 3181 539 3232 in
560 3195 640 3248 marg.
661 3179 709 3232 Llr
836 3181 867 3234 11
887 3178 1060 3248 αλκμεονιδων
1081 3179 1101 3231 L
1208 3181 1370 3253 ηττημζενλος
1382 3180 1413 3245 L,
1430 3195 1496 3233 corr.
1514 3180 1555 3233 Bl.

189 3285 240 3322 εοε.
260 3269 356 3322 Herod.
376 3269 407 3322 V.
421 3269 464 3334 66,
482 3267 515 3319 ελ.
697 3269 729 3321 14
747 3269 860 3322 ελαυνειν
879 3285 958 3338 super
977 3285 1095 3322 rasuram
1115 3268 1197 3337 (ελ-,
1220 3270 1332 3324 fortasse
1354 3268 1464 3323 ελαυνειν
1488 3269 1555 3323 male

189 3357 325 3426 scriptum)
345 3356 377 3409 L¹
522 3355 554 3409 15
568 3355 721 3426 ἀφικόμενος
740 3357 753 3410 ὁ
774 3353 920 3428 Κλεομένης
939 3358 1060 3411 inserunt
1078 3359 1154 3410 K·W
1167 3358 1228 3422 (Bl.)
1247 3376 1279 3412 ex
1298 3359 1395 3411 Herod.
1414 3357 1485 3409 1110

192 3445 223 3498 18
241 3439 299 3514 μετ’
313 3443 403 3514 αὐτοῦ]
423 3444 554 3511 μζεταλτου
573 3443 593 3496 L

275 3618 292 3671 8
311 3619 399 3672 Schol.
418 3619 463 3670 Ar.
484 3619 563 3686 Vesp.
584 3618 630 3684 (V)
649 3618 701 3671 500
720 3617 802 3672 ἐδόκει
820 3618 846 3672 δέ
865 3619 881 3688 ή
900 3621 1013 3691 τυραννίς
1032 3623 1195 3689 καταστῆναι,
1215 3620 1252 3679 ῶς
1270 3637 1345 3691 φησιν
1359 3617 1556 3693 Ἐρατοσθένης,

191 3708 230 3760 ἐπέ
252 3707 297 3777 έτη
316 3710 343 3773 ν,
366 3712 411 3761 τοῦ
430 3707 549 3778 ἀκριβοῦς
571 3706 755 3778 διαμαρτάνων,
772 3704 958 3778 Ἀριστοτέλους
981 3709 1032 3775 (sic
1055 3708 1177 3776 Bentley,
1200 3707 1397 3779 Ἀριστοφάνους
1420 3709 1555 3778 11δε1)μέν

189 3797 374 3866 τετταράκοντα
393 3796 437 3848 καὶ
456 3796 481 3847 ἓν
500 3796 529 3861 [l.
548 3796 631 3862 ἐννέα]
650 3796 784 3866 φήσαντος,
803 3793 938 3867 Ἡροδότου
957 3797 983 3849 δέ
1002 3795 1028 3857 ἓξ
1047 3799 1090 3851 καὶ
1108 3799 1251 3868 τριάκοντα.

280 3885 377 3954 lOsqq.
401 3884 504 3937 Ηιειιοο.
530 3885 602 3936 1166
640 3883 710 3937 οὗτοι
732 3885 756 3937 ολ
782 3885 868 3956 ἄνδρες
896 3888 1042 3940 ἐστασίασαν
1072 3887 1128 3956 περὶ
1155 3885 1284 3955 δυνάμιος·
1317 3886 1465 3954 ἐσσοίιμενος
1491 3884 1517 3938 δέ
1541 3885 1555 3939 ό

190 3970 344 4043 Κλεισθένης
370 3972 414 4026 τόν
442 3972 523 4042 δῆμον
552 3974 769 4043 προσεταιρίζεται.
850 3975 886 4027 ib.
906 3974 940 4027 70
967 3974 994 4026 ἐν
1016 3975 1056 4044 τῷ
1078 3975 1147 4045 μέρει
1170 3973 1196 4026 δέ
1220 3972 1368 4043 έσσοίιμενος
1391 3971 1405 4025 δ
1425 3968 1555 4046 Ἰσαγόρης

190 4061 363 4132 ἀντιτεχνᾶται
381 4062 452 4113 τάδε·
472 4060 629 4114 ἐπικαλέεται
648 4057 793 4130 Κλεομένεα
810 4061 855 4115 τόν
873 4060 1080 4131 Λακεδαιμόνιον,
1103 4063 1235 4130 γενόμενον
1258 4062 1348 4131 έωυτιγῖ
1366 4061 1505 4122 ξεῖνον
1524 4063 1556 4114 τό

190 4154 235 4217 μέν
254 4149 284 4220 δὴ
305 4154 393 4220 πρῶτα
412 4155 519 4218 πέμπων
539 4147 552 4201 δ
572 4145 718 4215 Κλεομένης
742 4149 767 4207 ἐς
784 4151 829 4208 τὰς
844 4147 960 4222 Ἀθήνας
986 4151 1087 4223 κήρυκα
1109 4149 1225 4220 ἐξέβαλλε
1244 4146 1407 4215 Κλεισθένεα,
1434 4151 1476 4203 καὶ
1495 4147 1552 4218 μετ’

190 4236 267 4290 αυτοῦ
286 4236 377 4295 ἄλλους
396 4235 504 4294 πολλοὺς
513 4233 655 4307 Ἀθηναίων
668 4238 725 4295 τοὺς
735 4240 837 4308 ἐναγέας
851 4237 973 4309 ἐπιλέγων
992 4279 998 4292 .
1013 4279 1019 4291 .
1034 4278 1040 4290 .
1098 4240 1134 4291 11).
1148 4238 1181 4290 72
1195 4233 1342 4308 Κλεομένης
1359 4237 1386 4290 δέ
1399 4236 1435 4296 ὡς
1447 4237 1555 4306 πέμπων

191 4323 306 4395 ἐξέβαλλε
326 4321 480 4378 Κλεισθένεα
499 4327 543 4378 καὶ
561 4326 619 4383 τοὺς
637 4325 747 4394 ἐναγέας,
770 4323 924 4395 Κλεισθένης
942 4332 988 4396 μέν
1006 4327 1083 4384 αυτὸς
1101 4325 1233 4400 θπέξεσχε·
1257 4327 1321 4395 μετὰ
1344 4325 1370 4378 δέ
1389 4325 1460 4378 οὐδέν
1477 4325 1554 4396 ήσσον

190 4417 270 4482 παρῆν
289 4415 314 4471 ἐς
333 4415 378 4471 τὰς
392 4409 508 4478 Ἀθήνας
528 4413 540 4466 ό
561 4410 709 4484 Κλεομένης
727 4413 757 4467 οδ
776 4414 819 4467 σὺν
839 4415 934 4486 μεγάλη
953 4416 1026 4488 χειρί,
1049 4415 1202 4484 ἀπικόμενος
1224 4416 1250 4469 δέ
1269 4414 1400 4485 ἀγηλατέει
1418 4414 1556 4467 ἑπτακόσια

191 4502 285 4554 ἐπίστια
303 4497 457 4571 Ἀθηναίων,
480 4503 511 4553 τά
530 4502 554 4553 ολ
572 4499 679 4554 ὑπέθετο
699 4501 712 4554 ό
729 4498 871 4573 Ἰσαγόρης·
899 4507 977 4555 ταῦτα
997 4503 1023 4555 δέ
1041 4503 1155 4572 ποιήσας,
1179 4502 1281 4572 δεότερα
1298 4504 1345 4574 τήν
1365 4501 1458 4573 βουλὴν
1477 4519 1554 4554 κατα·

189 4587 256 4640 λίιειν
274 4588 397 4660 ἐπειρᾶτο,
416 4590 578 4658 τριηκοσίοισι
597 4589 623 4642 δέ
641 4598 704 4643 τοῖσι
715 4586 850 4660 Ἰσαγόρεω
871 4590 1022 4662 στασιῶτησι
1041 4592 1086 4649 τός
1104 4592 1183 4662 ἀρχὰς
1201 4592 1338 4665 ἐνεχείριζε.
1358 4589 1555 4660 ,ἀντισταθείσης

190 4676 215 4730 δέ
233 4681 280 4747 τῆς
299 4677 392 4747 βουλῆς
411 4680 453 4731 καὶ
473 4676 501 4729 οδ
522 4676 677 4747 βουλομένης
696 4678 833 4744 πείθεσθαι,
853 4678 867 4731 ό
885 4698 911 4732 τε
925 4675 1072 4749 Κλεομένης
1092 4681 1134 4732 καὶ
1153 4675 1309 4750 όἸσαγόρης
1327 4680 1370 4731 καί
1383 4678 1407 4730 οἱ
1419 4684 1555 4731 στασιῶται

190 4764 268 4818 αι’ντοίν
288 4765 511 4835 καταλαμβάνουσι
529 4767 576 4834 τήν
595 4766 741 4836 ἀκρόπολιν,
759 4763 904 4837 Ἀθηναίων
924 4767 950 4819 δέ
963 4768 986 4820 οί
1000 4767 1081 4821 λοιποί
1093 4769 1125 4820 το1
1138 4764 1201 4819 αὐτὰ
1214 4768 1382 4837 φρονήσαντες
1395 4765 1554 4837 ἐπολιόρκεον

189 4851 280 4912 αότοὺς
298 4854 394 4924 ἡμέρας
413 4851 464 4918 δόο,
484 4857 515 4927 τή
535 4854 561 4906 δέ
580 4855 650 4926 τρίτη
670 4853 822 4908 ὑπόσπονδοι
840 4854 984 4927 ἐξέρχονται
1001 4857 1031 4908 ἐκ
1050 4861 1094 4926 της
1114 4855 1202 4927 χῶρης
1220 4853 1275 4908 όσοι
1292 4854 1355 4925 ήσαν
1374 4854 1460 4907 αὐτῶν
1472 4854 1554 4908 Λακε-

189 4940 320 5010 δαιμόνιοι.
