3510 5610
254 341 308 404 70¹
447 338 673 393 ARISTOTELIS
692 338 755 392 RES
775 337 923 392 PUBLIOA
944 335 1204 391 ATHENIENSIUII
1222 335 1284 390 LIX
1296 333 1425 390 3-Lx1
1488 339 1489 342 ’

309 534 350 580 τις
372 513 454 597 δῶρα
477 513 544 581 δυθς
567 512 705 598 ἀποφάγη
721 514 773 597 τῆν
791 512 893 593 ξενίαν,
918 515 965 576 καὶ
982 513 1172 598 συκοφαντίας
1187 513 1234 576 καὶ
1251 514 1353 594 δώρων
1369 513 1417 576 καί
1433 513 1551 597 ψευδεγ-
1562 517 1622 587 ρ.29

309 622 422 700 γραφῆς
454 619 501 681 καὶ
535 616 760 702 ψευδοκλητείας
794 619 841 680 καί
875 617 1058 701 βουλεύσεως
1091 618 1138 679 καί
1172 616 1314 702 ἀγραφίου
1349 618 1397 681 καλ
1423 617 1568 702 μοιχείας.

309 720 472 803 εἰσάγουσιν
504 721 537 784 δὲ
570 721 618 786 καί
647 722 699 790 τάς
727 721 897 803 δοκιμασίας
923 726 985 791 ταῖς
1012 721 1119 805 ἀρχαῖς
1145 721 1272 790 άπάσαις
1298 720 1434 790 καὶτοὺς
1457 720 1571 804 ἀτεψη·
1606 727 1622 783 4

309 823 466 908 φισμένους
498 825 555 888 ὑπὸ
588 829 645 890 τῶν
679 828 815 910 δημοτῶν
849 828 896 889 καλ
931 827 981 896 τάς
1008 827 1204 907 καταγνώσεις
1228 824 1279 895 τάς
1306 826 1341 890 έκ
1368 830 1420 910 τῆς
1447 826 1569 908 βουλῆς.

275 928 459 1011 σείσάγσυσι
482 929 582 994 δὲκαὶ
606 930 688 999 δίκας
710 930 792 1012 ἰδίας,
816 929 976 1014 ἐμπορικὰς
997 930 1046 993 καὶ
1069 932 1243 1013 μεταλλικὰς
1265 931 1314 993 καλ
1329 929 1452 1010 δούλων,
1475 928 1511 992 άν
1527 950 1571 996 τις
1607 934 1623 990 θ

311 1032 359 1095 τδν
394 1031 550 1118 ἐλεύθερον
578 1038 677 1104 κακῶς
699 1035 781 1118 λέγη.
826 1036 874 1099 καί
902 1035 1090 1120 έπικληροῦσι
1116 1039 1178 1104 ταῖς
1201 1034 1306 1119 ἀρχαῖς
1332 1033 1412 1098 οὗτοι
1433 1035 1469 1097 τά
1492 1035 1571 1097 δικα·

311 1138 415 1221 στήρια
448 1137 484 1201 τά
511 1135 568 1202 ἴδια
600 1141 649 1203 καί
675 1139 711 1202 τά
733 1141 869 1223 δημόσια.
957 1140 1006 1204 καὶ
1033 1139 1068 1203 τά
1091 1139 1224 1224 σύμβολα
1246 1137 1282 1201 τὰ
1303 1139 1376 1223 πρὸς
1397 1136 1450 1206 τάς
1471 1134 1571 1203 πόλεις
1608 1142 1624 1198 θ

311 1240 391 1305 οὖτοι
416 1245 546 1326 κυροῦσι,
580 1243 629 1307 καὶ
654 1243 706 1313 τάς
731 1246 812 1312 δίκας
838 1245 889 1313 τάς
915 1244 974 1307 ἀπδ
1001 1247 1059 1308 τῶν
1087 1243 1244 1327 συμβόλων
1273 1243 1432 1326 εἰσάγουσι,
1465 1242 1514 1305 καί
1537 1240 1573 1304 τά

312 1346 546 1431 ψευδομαρτάρια
568 1345 630 1431 <τά>
651 1346 816 1434 έξἈρείου
841 1350 944 1431 πάγου.

261 1470 293 1517 10
398 1451 464 1518 τοὺς
490 1452 523 1514 δὲ
549 1452 687 1522 δικαστὰς
714 1455 854 1537 κληροδοι
876 1454 982 1521 πάντες
1005 1452 1037 1515 οἱ
1060 1451 1160 1516 ἐννέα
1182 1450 1368 1536 ἄρχοντες,
1402 1447 1566 1520 δέκατοςδ
1609 1460 1625 1514 7

313 1553 329 1616 δ
351 1555 537 1639 γραμματεὺς
560 1556 575 1618 δ
599 1561 656 1620 τῶν
680 1557 881 1640 θεσμοθετῶν,
903 1557 971 1626 τοὺς
992 1560 1045 1641 τῆς
1063 1557 1153 1619 αὑτοῦ
1173 1558 1267 1640 φυλῆς
1290 1556 1420 1624 ἕκαστος.

398 1657 461 1722 LX.
485 1659 520 1722 τά
544 1660 595 1742 μὲν
619 1658 669 1723 οὗν
692 1663 757 1745 περὶ
780 1663 847 1731 τοὺς
869 1647 1051 1747 θάρχοντας
1072 1664 1173 1723 τοῦτον
1196 1657 1260 1746 ἔχει
1282 1662 1330 1723 τὸν
1347 1659 1464 1745 τρόπον.
1502 1663 1575 1744 κλη·
1616 1667 1627 1723 l

314 1764 398 1847 ροῡσι
419 1761 452 1824 δὲ
475 1764 523 1825 καί
546 1764 749 1835 ἀθλοθέτας
771 1765 842 1829 δέκα
865 1765 980 1848 ἀνδρας,
1003 1765 1054 1828 ἕνα
1076 1769 1129 1848 τῆς
1151 1767 1245 1849 φυλῆς
1265 1765 1399 1848 ἑκάστης.
1444 1762 1525 1828 οὖτοι
1540 1766 1574 1829 δὲ

315 1865 540 1950 δοκιμασθέντες
572 1867 699 1954 ἀρχουσι
731 1869 853 1954 τέτταρα
887 1867 948 1955 ἔτη,
982 1870 1030 1933 καὶ
1058 1871 1196 1933 διοικοῦσι
1224 1870 1277 1953 τῆν
1304 1892 1335 1931 τε
1362 1868 1482 1951 πομπὴν
1515 1872 1576 1931 τῶν

266 1990 296 2039 15
315 1969 527 2054 Παναθηναίων
562 1974 610 2036 καὶ
638 1976 686 2037 τὸν
715 1974 815 2058 ἀγῶνα
845 1980 898 2059 τῆς
927 1978 1071 2058 μουσικῆς
1100 1975 1148 2038 καὶ
1174 1975 1223 2037 τδν
1245 1974 1380 2057 γυμνικὸν
1404 1973 1504 2056 ἀγῶνα
1526 1976 1577 2036 καί

316 2076 368 2159 τὴν
396 2075 597 2160 ἱπποδρομίαν,
632 2081 681 2142 καὶ
702 2080 751 2143 τδν
775 2079 884 2143 πέπλον
906 2082 1065 2158 ποιοῦνται,
1101 2078 1236 2147 καὶτοὺς
1260 2079 1403 2162 ἀμφορεῖς
1425 2080 1577 2140 ποιοῦνται

266 2396 318 2450 1.θ
337 2395 512 2470 ψευδεγραφης
529 2398 575 2465 L·‚
593 2403 623 2452 ut
641 2401 704 2469 ιίιλ,
722 2420 736 2452 ν
755 2416 886 2470 suprascr.
906 2399 940 2454 L‘
1082 2399 1097 2452 6
1116 2400 1176 2470 λεγη
1197 2398 1216 2454 L
1358 2398 1374 2451 9
1397 2397 1429 2452 τά
1450 2397 1511 2453 add.
1531 2397 1634 2453 Berna-

264 2487 348 2553 θοίιίο,
367 2487 400 2542 ολ.
545 2487 578 2542 10
595 2506 690 2550 πάντας
708 2488 729 2543 L

265 2795 325 2864 φησί
343 2793 398 2865 περί
421 2800 473 2848 τῶν
496 2793 659 2863 θεσμοθετῶν
682 2794 868 2864 διαλεγόμενος·
891 2791 953 2848 κείσί
977 2794 1004 2847 δέ
1026 2796 1070 2847 καί
1092 2794 1185 2864 γραφαί
1207 2793 1269 2864 πρὸς
1287 2796 1352 2863 (περὶ
1371 2797 1437 2859 οοιί,
1455 2810 1522 2848 corr.
1543 2797 1634 2858 Μοίετ)

265 2881 365 2943 αὐτοὺς,
385 2882 421 2935 ὧν
435 2885 585 2952 παράστασις
597 2884 759 2956 (περιστάσεις
772 2885 838 2950 cod.‚
851 2900 916 2938 corr.
930 2884 1031 2947 Nauck)
1043 2883 1146 2944 τίθεται,
1166 2882 1244 2943 ξενίας
1257 2885 1300 2935 καί
1313 2881 1473 2952 δωροξενίας·
1493 2883 1576 2944 ξενίας
1589 2890 1634 2953 μέν

267 2971 309 3023 ἐάν
322 2989 358 3028 τις
371 2976 542 3042 κατηγορῆται
555 2971 622 3032 ξένος
636 2973 709 3024 εἶναι·
723 2970 871 3043 δωροξενίας
884 2971 910 3024 δέ
923 2971 966 3023 ἐάν
978 2987 1015 3029 τις
1028 2969 1097 3040 δῶρα
1111 2969 1192 3028 διδοὺς
1204 2970 1320 3042 άπαφώγη
1334 2973 1380 3041 τῆν
1394 2970 1482 3032 ξενίαν.
1506 2971 1634 3040 Ηειρουι.

266 3075 287 3111 s·
301 3075 324 3110 ν.
344 3058 492 3130 δωροξενίαι
512 3098 519 3111 .
533 3100 539 3112 .
554 3100 560 3113 .
579 3061 622 3112 καὶ
635 3057 816 3132 Ἀριστοτέλης
835 3057 854 3113 δ’
870 3061 897 3113 έν
916 3064 949 3132 τη
960 3058 1106 3130 Ἀθηναίων
1119 3059 1231 3131 πολιτείᾳ
1244 3063 1299 3131 περὶ
1312 3066 1363 3112 τῶν
1376 3058 1541 3130 θεσμοθετῶν
1555 3061 1635 3131 λέγων

269 3149 357 3218 γράφει
374 3149 459 3201 ταυτί·
475 3145 536 3202 “elsi
555 3148 580 3201 δέ
600 3151 643 3202 καὶ
655 3152 748 3220 γραφαί
758 3148 819 3220 πρὸς
838 3149 929 3206 αθτοδς
943 3147 978 3200 ῶν
993 3151 1144 3219 παράστασις
1156 3146 1259 3208 τίθεται,
1278 3148 1357 3209 ξενίας
1371 3149 1414 3201 καὶ
1426 3147 1586 3221 δωροξενίας,
1606 3150 1635 3202 άν

268 3253 305 3292 τις
325 3234 394 3305 δῶρα
412 3236 469 3294 δοὺς
488 3237 605 3309 ἀτοφὺγη
619 3238 665 3307 τὴν
678 3234 873 3307 ουκοφαντίαν”.
902 3238 1054 3305 (Epitomen
1067 3254 1149 3290 exscr.
1162 3236 1246 3299 Suid.)
1260 3266 1291 3275 —
1306 3238 1430 3306 Harpocr.
1444 3255 1465 3292 s.
1478 3255 1502 3291 ν.
1516 3239 1638 3308 ῆγεμονία

270 3323 441 3395 δικαστηρίουι
462 3363 550 3377 .....
569 3325 642 3378 άλλαι
661 3326 723 3398 πρὸς
735 3325 826 3384 ἄλλους
838 3332 890 3378 τῶν
903 3326 1036 3398 ἀρχόντων
1049 3324 1216 3398 έλαγχάνοντο
1230 3324 1297 3378 δίκαι
1316 3365 1444 3379 .......
1463 3327 1527 3396 πρὸς
1540 3326 1567 3379 δέ
1579 3329 1638 3385 τοὺς

270 3411 426 3481 θεσμοθέτας
445 3414 469 3465 αλ
487 3417 533 3483 τῆς
556 3414 635 3474 ξενίας
659 3434 686 3468 τε
709 3417 752 3468 καλ
775 3414 923 3485 δωροξενίας
945 3416 988 3468 καί
1011 3416 1178 3485 συκοφαντίας
1201 3415 1244 3467 καί
1266 3414 1357 3487 δώρων
1381 3415 1424 3468 καί
1446 3413 1638 3486 ψευδεγγρσφῆς

271 3503 314 3554 καί
333 3500 430 3572 ὕβρεως
448 3503 492 3555 καὶ
511 3503 622 3576 μοιχείας
641 3506 685 3558 καί
703 3503 859 3574 βουλεώσεως
878 3505 921 3557 καί
939 3501 1025 3556 ἀλλων
1050 3503 1202 3570 (Ερίίυιυοο
1222 3518 1304 3556 exscr.
1324 3502 1468 3556 Suid.110t
1487 3503 1587 3567 Phot.1,
1605 3520 1637 3556 ex

272 3606 324 3660 quo
343 3590 384 3644 Et.
403 3595 522 3661 μεσοίη,
540 3594 611 3647 unde
631 3593 670 3646 Et.
690 3596 722 3646 Μ.
742 3594 803 3660 418,
814 3593 868 3660 29).
908 3592 971 3646 Lex.
991 3592 1072 3645 Βαλίε.
1093 3593 1213 3660 ηυίοίυο]
1233 3591 1289 3655 (ΒΑ
1308 3590 1414 3654 310,12)
1438 3592 1461 3643 οί
1484 3589 1638 3661 θεσμοθέται

271 3681 371 3750 ιίσῆγον
391 3680 471 3741 ξενίας
489 3684 532 3734 καί
555 3683 722 3751 συκοφαντίας
745 3682 789 3734 καὶ
812 3681 901 3753 δώρων
924 3683 967 3734 καί
991 3678 1179 3751 ψευδεγγραφῆς
1207 3681 1250 3731 καὶ
1274 3678 1370 3750 ὕβρεως
1394 3681 1437 3732 καὶ
1460 3682 1573 3751 μοιχείας
1595 3682 1639 3733 καὶ

272 3768 436 3839 βουλεθσεως.
474 3771 574 3824 Phot.11
594 3771 809 3824 =Suid.1s.v.
835 3771 956 3842 ἡγεμονία
980 3769 1152 3839 δικαστηρίουι
1248 3769 1271 3820 ολ
1294 3767 1445 3836 θεσμοθέται
1468 3770 1638 3835 συκοφαντίας

272 3859 316 3910 καί
335 3859 426 3926 δώρων
445 3861 488 3913 καὶ
507 3859 604 3930 ὕβρεως
622 3859 729 3931 (ὕβρεων
744 3861 830 3926 codd.)
850 3861 893 3913 καλΙ
913 3859 1026 3930 μοιχείας
1043 3859 1087 3911 καί
1106 3856 1270 3928 βουλεθσεως.
1309 3857 1421 3925 Hesych.
1440 3855 1588 3926 δωροξενίαι
1609 3857 1638 3909 τὸ

273 3947 313 3999 ἐπὶ
332 3946 398 4019 ξενίφ
416 3947 506 4012 (ξενίαν
526 3948 594 4016 eod.)
613 3948 819 4019 (ἐγ>καλοίιμενον
838 3950 973 4020 ἀποφυγεῖν
992 3948 1061 4017 δῶρα
1080 3947 1162 4000 δόντα.
1191 3947 1258 3999 Ροίί.
1271 3945 1332 3998 VIII
1345 3945 1380 3997 44
1397 3943 1545 4015 δωροξενίας
1563 3945 1598 4012 δέ,
1617 3945 1641 3999 εί

272 4054 308 4094 τις
327 4033 406 4096 ξενίας
424 4037 568 4108 κρινάμενος
587 4037 656 4107 δῶρα
675 4038 732 4096 δοὺς
751 4037 881 4107 ἀποφθγοι.

361 4125 375 4176 7
397 4123 460 4178 Lex.
475 4125 580 4178 Bachm.
596 4143 621 4193 p.
634 4126 710 4190 436)
731 4127 813 4180 Bekk.
833 4126 882 4179 ἀπὸ
895 4126 1030 4196 συμβόλων
1044 4124 1149 4185 δικάζεις
1168 4120 1301 4194 Ἀθηναῖοι
1313 4122 1363 4176 ἀπὸ
1376 4121 1511 4193 συμβόλων
1523 4121 1640 4185 έδίκαξον

273 4220 326 4271 τοῖς
343 4212 472 4283 ὑπηκόοις.
509 4213 592 4273 οὕτως
609 4212 793 4287 Ἀριστοτέλης.

364 4302 397 4355 10
416 4302 500 4356 Schol.
513 4303 557 4355 Ar.
572 4304 651 4371 Vesp.
665 4304 716 4356 775
736 4305 791 4368 (V):
811 4301 980 4372 θεσμοθέτης]
999 4343 1046 4355 ...
1067 4301 1158 4360 άλλως.
1196 4301 1280 4371 ἐπειδὴ
1300 4300 1452 4370 θεσμοθέται
1471 4302 1514 4354 καὶ
1533 4302 1640 4362 δέκατος

274 4392 287 4445 δ
306 4393 467 4463 γραμματεὺς
490 4390 611 4462 κληροῦσι
629 4394 686 4450 τοὺς
705 4393 824 4450 δικαστὰς
850 4392 907 4450 τοδς
930 4397 976 4463 τῆς
998 4391 1077 4461 αίιτῆς
1095 4391 1175 4462 φυλῆς
1194 4391 1308 4448 ἕκαστος.
1327 4420 1360 4429 -
1379 4391 1445 4444 Ροίί.
1465 4390 1526 4443 VIII
1544 4392 1579 4445 87
1598 4395 1642 4445 καί

274 4484 347 4551 κοινῆ
366 4481 410 4548 μέν
430 4479 528 4549 ἔχουσιν
548 4482 614 4549 (scil.
633 4481 656 4533 οί
670 4483 741 4534 ἐννέα
754 4482 884 4553 ἀρχοντες)
903 4479 1016 4541 ἐξουσίαν
1035 4478 1146 4532 θανάτου
1165 4480 1207 4532 έάν
1226 4498 1262 4538 τις
1275 4482 1349 4550 κατίη
1370 4476 1427 4532 ὅποι
1445 4482 1480 4551 μῆ
1500 4479 1579 4541 ἔξεστι
1597 4483 1641 4534 καὶ

274 4569 385 4640 κληροῦν
410 4568 527 4627 δικαστὰς
549 4570 593 4621 καί
616 4568 763 4631 ἀθλοθέτας,
792 4569 834 4621 ἕνα
858 4571 924 4621 κατὰ
946 4569 1027 4638 φυλῆν
1050 4569 1168 4637 ἑκάστην,
1198 4569 1240 4620 καί
1264 4569 1416 4640 στρατηγοὺς
1434 4577 1586 4641 χειροτονεῖν
1615 4570 1640 4631 ἐξ

274 4657 394 4710 ἁπάντων
414 4658 457 4710 καί
476 4654 533 4710 καθ’
550 4659 659 4730 ἑκάστην
672 4658 820 4728 πρυτανείαν
834 4658 961 4730 ἐπερωτᾶν
980 4659 1001 4711 εί
1020 4658 1089 4711 δοκεῖ
1108 4657 1193 4715 καλῶς
1207 4658 1292 4728 ἄρχειν
1306 4657 1412 4715 ἕκαστος
1430 4687 1463 4696 -
1482 4657 1527 4711 τὸν
1542 4656 1565 4711 δ’
1578 4659 1641 4713 ἀπο·

274 4745 482 4819 χειροτονηθέντα
501 4750 625 4820 κρίνουσιν
645 4779 685 4812 -,
705 4750 749 4801 καλ
768 4749 912 4818 ἱππάρχους
927 4747 970 4800 δώο
989 4749 1032 4800 καλ
1055 4745 1200 4819 φυλάρχους
1222 4747 1284 4799 δέκα
1302 4747 1346 4799 καί
1363 4745 1512 4818 ταξιάρχους
1530 4747 1602 4801 δέκα.

365 4834 396 4888 13
415 4835 480 4889 Ροίί.
500 4836 561 4888 VIII
581 4836 614 4889 93
633 4835 768 4890 ἀθλοθέται
787 4836 848 4888 δέκα
867 4837 912 4905 μέν
931 4836 997 4901 τίσιν,
1017 4835 1051 4894 είς
1069 4836 1135 4887 κατὰ
1154 4834 1245 4905 φυλῆν,
1263 4833 1458 4905 δοκιμασθέντες
1475 4834 1502 4888 δέ
1521 4835 1642 4908 ἄρχουσιν

275 4923 320 4995 ίτη
342 4926 450 4995 τέτταρα
472 4927 511 4980 ἐπὶ
533 4927 572 4997 τῷ
595 4925 715 4980 διαθεῖναι
737 4927 769 4979 τά
789 4922 960 4996 Παναθήναια,
984 4927 1028 4979 τόν
1051 4944 1078 4978 τε
1103 4924 1223 4993 μουσικὸν
1247 4924 1290 4977 καλ
1312 4922 1356 4978 τὸν
1379 4923 1501 4994 γυμνικὸν
1524 4927 1570 4979 καλ
1593 4926 1641 5000 τῆν

276 5012 449 5085 ἱπποδρομίαν.
