3510 5610
267 305 329 370 124
416 309 564 371 κοινωνεῖν

319 478 443 550 πράξεως)
464 479 540 544 2036
578 479 750 550 (ἀμφοτέρων)
769 478 847 544 3934
868 480 922 531 abs.

321 568 380 633 636

265 654 461 713 κοινωνικός.
498 656 647 707 κοινωνικα1
665 655 732 708 δίκαι
751 656 809 718 573

265 743 411 805 κολάζειν
431 744 511 811 (coni.
526 744 642 811 ζημιοῦν)
662 744 704 809 5,5
727 743 783 810 103

264 831 381 889 κόλπος
400 829 545 903 (Θερμαῑος)
567 831 643 897 1732

263 921 405 988 κομίζειν
419 920 538 985 (milites)
552 920 627 986 2031
663 922 741 974 (σῖτον
754 920 790 978 είς
808 919 836 973 τὸ
850 920 922 983 ἀστυ)

316 1007 393 1074 5532
427 1008 493 1060 med.
507 1008 549 1071 (τά
561 1007 681 1078 χρήματα
693 1009 760 1078 παρὰ
777 1014 830 1060 τῶν
843 1008 921 1061 δανει-

316 1096 443 1164 σαμίνιυν)
463 1096 540 1158 2635

262 1183 458 1256 κοπρολόγος
478 1184 547 1252 plur.
562 1183 640 1249 5432

261 1273 378 1341 κόπρος
396 1272 474 1338 5433

263 1360 364 1429 κόρος.
406 1359 510 1413 πολλῶν
532 1358 637 1429 ἀγαθῶν
666 1363 690 1418 ἐς
713 1361 789 1429 κόρον
812 1359 921 1430 ήλάσατε

314 1447 443 1513 8010633
462 1448 541 1500 τίκτει
552 1449 597 1517 γὰρ
608 1448 684 1517 κόρος
694 1446 764 1518 ὕβριν
773 1449 835 1501 8010
847 1448 921 1514 1232

261 1534 478 1608 κορυνηφόροι
489 1537 554 1604 ρῖυι.
566 1536 695 1588 satellites
703 1537 832 1589 Pisistrati
846 1537 919 1603 1531

260 1622 922 1695 κοσμητήςωας.ιιι).(εοιιῖ.σωφρονιστής)4430

260 1712 385 1779 κόσμος.
415 1712 462 1782 τἠν
475 1710 534 1764 θεδν
545 1711 768 1782 ἀπομιμησάμενος
779 1716 818 1781 τηῦ
831 1712 921 1782 κόσμῳ

317 1799 392 1866 1735
423 1798 645 1869 παραλαμβάνουσι
663 1801 691 1852 τό
709 1818 737 1853 τε
755 1799 856 1869 ἄγαλμα
875 1805 921 1870 τῆς

314 1884 421 1956 Ἀθηνᾶς
431 1889 474 1940 καί
484 1888 529 1944 τάς
540 1884 620 1946 Νίκας
631 1888 674 1939 καὶ
684 1887 727 1939 τὸν
737 1887 813 1939 ἀλλον
823 1887 919 1956 κόσμον

313 1975 373 2042 503
403 1981 456 2027 τῶν
470 1974 555 2028 ἄλλων
568 1977 594 2028 ἐν
604 1976 694 2045 κόσμῳ
705 1974 831 2043 λεγόντων
841 1975 919 2042 3136

259 2071 397 2133 κρατεῖν.
439 2066 520 2116 πάντα
543 2063 671 2116 διοικεῖται
693 2062 848 2134 ψηφίσμασιν
876 2065 919 2117 καί

312 2150 487 2224 δικαστηρίοις,
511 2153 537 2204 ἐν
556 2153 592 2209 οῖς
611 2151 624 2204 ό
643 2150 723 2219 δῆμός
741 2151 806 2204 ἐστιν
826 2150 838 2204 δ
858 2170 918 2222 κρα-

311 2245 363 2291 τῶν
382 2239 461 2304 4330
498 2242 578 2305 (coni.
592 2241 668 2312 ἔχειν)
688 2238 767 2305 6330

259 2328 417 2399 κρατερός.
455 2328 576 2398 κρατερόν
596 2329 674 2384 σάκος
692 2325 826 2394 3010153

257 2417 374 2485 κράτος
392 2417 493 2482 (νόμου)
512 2414 666 2481 80101337

257 2502 370 2573 κρήνη.
408 2504 421 2557 ό
440 2511 492 2557 τῶν
511 2509 613 2575 κρηνῶν
633 2499 786 2572 ἐπιμελητής
804 2502 883 2569 4530

256 2590 351 2662 κριθή
366 2592 433 2661 plur.
443 2597 512 2660 (syn.
527 2592 540 2646 δ
554 2593 579 2644 έν
591 2591 670 2662 ἀγορᾷ
683 2601 749 2651 σῖτος
762 2593 846 2664 ἀργός)
857 2593 916 2661 55,6

257 2679 376 2751 κρίνειν
396 2681 485 2746 eliyere
509 2680 564 2744 (τὸν
583 2679 732 2748 ἐπιτήδειον)
753 2680 817 2747 933
854 2684 917 2734 iudi-

311 2787 367 2819 care
388 2770 443 2831 (τάς
461 2768 545 2833 δίκας,
569 2785 631 2837 opp.
645 2771 846 2838 προανακρίνειν)
870 2770 917 2833 53

309 2856 378 2919 (τοῦς
403 2856 442 2908 ἐπί
465 2855 600 2908 καταλῦσει
624 2859 826 2925 συνισταμένους)
855 2859 917 2925 10,8

308 2943 363 3007 (τὰς
381 2943 544 3016 χειροτονίας)
563 2942 640 3007 3433
654 2944 733 3008 4830
764 2947 818 3008 (τὰς
837 2947 917 3018 ἀρχάς

307 3031 324 3101 ή
345 3030 433 3100 βουλή)
452 3031 513 3095 493
543 3032 585 3094 (τά
603 3031 791 3101 παραδείγματα
809 3036 853 3086 καί
872 3034 915 3087 τὸν

307 3117 413 3184 πέπλον)
427 3119 503 3183 5337
536 3119 565 3170 ἀν
579 3137 634 3170 τινα
647 3119 915 3191 ἀποχειροτονήσωσιν,

309 3207 435 3276 κρίνουσιν
455 3210 481 3260 ἐν
500 3210 537 3276 τῷ
557 3206 709 3277 δικαστηρίῳ
729 3208 807 3273 7136
839 3209 864 3262 εί
879 3228 916 3267 τις

307 3294 444 3365 ἐξορῦξιιεν
457 3294 540 3346 ἐλαίαν
555 3331 561 3344 .
576 3334 581 3345 .
596 3333 611 3358 .,
631 3295 726 3364 ἔκρινεν
746 3296 762 3366 ή
782 3295 807 3357 ἐξ
821 3294 914 3368 Ἀρείου

307 3385 388 3449 πάγου
409 3380 487 3452 βουλή
508 3382 572 3446 71,5
611 3399 681 3450 pass.
695 3385 841 3452 κρινόμενος
864 3386 913 3438 ῦπό

305 3487 382 3522 τινων
402 3469 441 3522 διὰ
460 3469 490 3522 τὸ
503 3469 638 3539 ἀποβαλεῖν
653 3470 736 3524 Πῦλον
750 3472 828 3534 3033
859 3492 912 3545 κρι-

306 3557 382 3625 θῆναι
400 3559 446 3628 μιᾷ
458 3559 599 3629 χειροτονίᾳ
612 3561 706 3617 πάντας
719 3559 798 3625 3639
829 3560 911 3631 (μηδι-

307 3648 383 3714 σμοῦ)
404 3645 481 3713 2832

253 3732 358 3804 κρίσις
370 3736 431 3797 (τῶν
445 3732 683 3804 όμφισβητοῦντων)
696 3736 758 3802 430
788 3736 915 3808 ἀμφισβή·

303 3838 373 3893 τησις
397 3827 443 3891 τῆς
461 3821 569 3892 κρίσεως
587 3822 669 3887 3232
706 3828 751 3892 τῆς
770 3826 876 3895 κρίσεως
899 3826 912 3880 ό

307 3910 387 3981 δῆμος
399 3910 486 3981 κῦριος
503 3911 559 3976 11,5
591 3910 697 3982 κρίσεως
717 3912 743 3963 ἐν
757 3911 912 3984 δικαστηρίῳ

303 3999 439 4070 γενομένης
461 3997 527 4063 493
573 3999 670 4069 (κυρία,
699 4015 761 4067 opp.
782 4003 910 4070 ἐφέσιμος)

303 4088 368 4153 493
409 4085 621 4159 καταχαρίζεσθαι
647 4087 694 4157 τήν
719 4088 798 4158 κρίσιν
828 4089 911 4154 5338

302 4177 319 4247 ἡ
343 4177 421 4247 κρίσις
438 4174 605 4228 καταλέλυται
629 4176 693 4242 713
730 4177 798 4243 plur.
817 4177 843 4229 αί
865 4182 911 4247 της

304 4263 397 4334 βουλῆς
419 4265 511 4334 κρίσεις
534 4263 568 4321 ε1ς
591 4263 636 4317 τόν
659 4263 739 4334 δῆμον
759 4263 910 4334 ἐληλῦθασιν

304 4352 384 4416 4330

251 4438 393 4493 κτᾶσθαι.
436 4440 553 4512 (χωρίον)
577 4440 676 4501 7136
714 4439 821 4504 (οὐσίαν)
846 4439 910 4504 533

303 4530 359 4581 abs.
378 4529 436 4584 τοῦς
461 4526 531 4585 ἐντὸς
549 4534 624 4598 τριῶν
648 4534 719 4595 μνῶν
738 4528 910 4598 κεκτημένους

303 4617 381 4680 5332
418 4615 563 4684 συμπείθειν
583 4616 627 4668 τόν
646 4617 803 4686 κεκτημένον
822 4618 884 4681 413

252 4704 388 4759 κτείνειν
407 4706 474 4770 (τινὰ
493 4704 647 4776 αὐτοχειρίᾳ)
667 4706 746 4771 4130

251 4798 365 4863 κτῆμα,
406 4793 434 4845 τό
459 4792 541 4844 ἔλαιον
570 4794 599 4845 ἐκ
623 4798 667 4845 τοῦ
691 4793 832 4861 κτήματος,
861 4790 909 4844 οίικ

303 4882 352 4934 ἀπὸ
372 4888 423 4933 τῶν
442 4880 567 4952 στελεχῶν
587 4882 638 4932 ἐστι
656 4881 689 4952 τη
706 4879 777 4932 πόλει
796 4879 857 4946 713

1353 360 1357 367 ,
1468 304 1480 356 Ι
1509 303 1641 357 INDEX

977 479 1103 539 κτίζειν.
1135 476 1318 549 προσηγόρευσε
1336 483 1388 530 τῶν
1407 477 1496 548 δήμων
1515 479 1574 537 τοῦς
1594 479 1640 546 μὲν

1030 565 1078 619 ἀπὸ
1097 573 1149 618 τῶν
1162 565 1258 630 τόπων,
1279 567 1338 624 τοῦς
1356 564 1382 617 δέ
1401 564 1451 619 ἀπὸ
1470 573 1523 619 τῶν
1538 567 1640 618 κτισάν-

1030 672 1082 708 των
1102 653 1163 719 25,5

976 742 1156 809 κυαμεῦειν.
1189 740 1251 793 δέκα
1270 739 1381 811 κληροῦν
1401 742 1510 813 ἑκάστην
1525 742 1640 813 (φυλήν),

1029 825 1075 882 εἶτ’
1093 830 1122 882 ἐκ
1141 829 1241 882 τοῦτων
1260 829 1397 899 κυαμεῦειν
1410 830 1452 897 93
1485 832 1555 898 (τοῦς
1568 832 1640 885 έννέα

1028 918 1162 990 ἀρχοντας)
1183 918 1263 985 2632

975 1005 1101 1075 κύαμος.
1139 1007 1183 1074 τἠν
1208 1007 1338 1078 είληχυῐαν
1362 1010 1402 1076 τηῖ
1424 1008 1517 1075 κυάμῳ
1542 1005 1638 1076 βουλήν

1027 1094 1109 1157 3532
1150 1097 1210 1152 τοὺς
1233 1094 1283 1146 ἀπὸ
1307 1098 1352 1147 τοῦ
1375 1096 1477 1162 κυάμου
1500 1094 1638 1168 δισχιλίους

1027 1183 1119 1255 ἀνδρας
1138 1183 1215 1249 2839

973 1269 1070 1340 κῦβος
1088 1271 1213 1337 753010.
1250 1271 1279 1323 in
1298 1270 1396 1324 iudicio
1415 1270 1461 1324 εἰσί
1479 1270 1554 1340 κῦβοι
1574 1271 1637 1346 χαλ·

1026 1366 1079 1424 κοῖ,
1102 1357 1208 1429 μέλανες
1233 1359 1276 1410 καί
1294 1356 1382 1412 λευκοί
1399 1357 1464 1422 753
1501 1359 1637 1429 έμβάλλειν

1026 1448 1083 1504 τοῦς
1102 1446 1197 1516 κὐβους
1215 1445 1274 1512 753
1294 1446 1372 1512 7735
1409 1445 1536 1518 (ἐξαιρεῖν)
1556 1448 1634 1514 7531

1062 1535 1137 1604 κῦβοι
1146 1534 1240 1608 χαλκοῖ
1254 1535 1279 1587 ἐν
1290 1534 1327 1592 οῖς
1336 1533 1510 1604 ἐπιγέγραπται
1522 1536 1554 1588 τὰ
1564 1537 1635 1606 χρῶ·

1026 1642 1094 1692 ματα
1118 1629 1170 1675 τῶν
1194 1623 1362 1693 δικαστηρίων
1385 1623 1429 1674 καί
1452 1622 1533 1695 ἕτεροι
1558 1625 1636 1696 κῦβοι

1025 1712 1051 1765 έν
1070 1713 1106 1770 οῖς
1121 1712 1186 1765 ἐστιν
1205 1718 1257 1764 τῶν
1276 1711 1364 1781 ἀρχῶν
1382 1712 1414 1763 τά
1426 1709 1540 1779 όνόματα
1555 1712 1635 1779 7732

972 1799 1068 1853 κῦειν.
1099 1807 1151 1852 τῶν
1170 1806 1298 1871 γυναικῶν
1317 1797 1372 1851 δσαι
1391 1798 1420 1850 ἀν
1433 1797 1635 1870 τελευτήσαντος

1024 1893 1069 1941 τοῦ
1088 1888 1175 1959 ἀνδρὸς
1194 1888 1357 1958 σκήπτωνται
1375 1885 1445 1939 κόειν
1463 1887 1524 1951 65,5

971 1977 1099 2048 κῦρβεις
1118 1977 1245 2045 (Solonis)
1264 1974 1325 2041 734

970 2063 1085 2135 κῦριος.
1128 2063 1183 2131 (τὰς
1206 2062 1356 2132 ἐκκλησίας,
1379 2063 1437 2131 μίαν
1460 2067 1506 2132 μέν
1529 2064 1635 2135 κυρίαν)

1023 2153 1084 2218 463
1103 2152 1162 2218 733
1198 2150 1342 2221 (ἀμφορεῦς,
1362 2167 1424 2220 opp.
1438 2151 1540 2221 ἄκυρος)
1561 2152 1634 2216 81,6.

1026 2242 1057 2294 18
1094 2241 1202 2311 (ψῆφος,
1225 2239 1403 2309 ορμᾶκυρος)
1423 2240 1555 2306 813519
1593 2239 1635 2294 ότι

1023 2326 1052 2379 ἀν
1076 2328 1100 2381 οί
1119 2328 1233 2381 δικασταί
1251 2329 1425 2399 ψηφίσωνται,
1448 2332 1524 2381 τοῦτο
1544 2327 1635 2399 κόριον

1022 2415 1161 2480 ε1ναι493
1182 2416 1261 2482 5233
1298 2415 1328 2468 οδ
1347 2417 1421 2486 κυρία
1439 2416 1455 2486 ή
1475 2414 1556 2487 κρίσις
1568 2417 1633 2480 493

1023 2503 1036 2556 ό
1061 2505 1137 2571 νόμος
1160 2502 1246 2575 κῦριός
1270 2505 1335 2556 ἐστιν
1359 2503 1423 2569 503
1460 2504 1564 2575 κυρίους
1587 2505 1635 2558 καὶ

1022 2592 1210 2663 αὐτοκράτορας
1240 2592 1338 2645 ίαυτῶν
1370 2592 1453 2657 4034
1499 2592 1587 2664 κῦριος
1618 2593 1633 2646 ὁ

1022 2680 1102 2750 δῆμος
1128 2681 1261 2751 γενόμενος
1287 2685 1339 2732 τῶν
1363 2681 1518 2751 πραγμάτων
1545 2679 1632 2747 4237

1022 2770 1054 2820 εί.
1073 2769 1137 2833 639
1166 2767 1305 2830 203319
1333 2766 1415 2832 4234
1443 2768 1527 2836 6030
1572 2772 1631 2838 (τῆς

1022 2856 1130 2919 πόλεως)
1158 2855 1241 2921 2338
1270 2854 1388 2919 37,6.18
1429 2859 1485 2925 (τῆς
1512 2856 1632 2926 κρίσεως)

1024 2945 1082 3008 113
1114 2948 1169 3012 (της
1182 2943 1280 3013 ψήφου)
1297 2942 1371 3008 1036
1403 2946 1458 3013 (τῆς
1471 2942 1631 3012 δοκιμασίας)

1021 3032 1081 3096 623
1115 3033 1178 3098 (τῶν
1197 3032 1364 3101 γραμμάτων)
1377 3032 1457 3099 6030
1486 3031 1631 3100 (ἁπάντων)

1020 3119 1081 3183 433
1101 3120 1131 3171 cf.
1151 3118 1229 3184 6135
1265 3121 1328 3182 (τῶν
1347 3119 1432 3170 αὐτῶν
1451 3118 1548 3188 ὧνπερ)
1567 3120 1630 3186 723

1020 3206 1140 3274 (οὐδενός,
1159 3205 1224 3258 ἀλλά
1242 3212 1287 3258 τοῦ
1307 3207 1459 3276 ἀναγνῶναι)
1480 3207 1540 3273 613
1572 3212 1629 3273 (τοῦ

1019 3295 1130 3366 ἀφεῖναι)
1148 3294 1228 3363 4830
1247 3296 1305 3347 sim.
1325 3294 1384 3360 69,5
1422 3294 1489 3366 (περί
1508 3301 1554 3348 τοῦ
1571 3295 1629 3348 δοῦ-

1018 3384 1069 3448 ναι)
1089 3382 1154 3450 383
1190 3384 1221 3434 τά
1241 3383 1315 3454 μέχρι
1334 3381 1395 3434 δέκα
1414 3381 1537 3453 δραχμῶν
1556 3383 1628 3442 όντες

1018 3468 1099 3540 κῦριοι
1112 3470 1172 3535 573
1203 3487 1225 3523 c.
1239 3472 1285 3522 inf.
1300 3469 1381 3536 κῦριοι
1399 3469 1463 3541 ήσαν
1476 3472 1570 3541 κρίνειν
1583 3471 1625 3537 53

1018 3559 1076 3609 sim.
1093 3559 1150 3622 10,ss
1170 3557 1248 3623 3333
1267 3558 1346 3622 4837
1365 3558 1445 3625 4934
1464 3559 1544 3624 5137
1564 3559 1627 3622 653

1018 3645 1100 3709 7137
1141 3661 1163 3696 0.
1183 3654 1249 3713 part.
1273 3648 1333 3704 τοὺς
1359 3647 1497 3717 τριάκοντα
1523 3647 1628 3717 κυρίους

1020 3734 1080 3786 εἶναι
1094 3732 1264 3792 θανατοῦντας
1279 3734 1358 3801 3936
1388 3733 1482 3804 κυρίως
1501 3753 1545 3786 εαυ
1556 3738 1626 3788 arbi·

1018 3824 1065 3872 trio
1084 3820 1127 3886 53

965 3914 1068 3983 κῦρος.
1099 3911 1128 3962 τὸ
1142 3915 1217 3981 κῦρος
1231 3910 1244 3962 δ
1258 3911 1288 3982 ήν
1303 3913 1329 3964 ἐν
1341 3918 1395 3969 τοῖς
1407 3911 1536 3970 δικασταῖς
1549 3913 1625 3966 κατέ-

1016 3998 1093 4050 λυσαν
1112 3998 1172 4063 383

964 4092 1086 4157 κυροῦν.
1118 4091 1235 4156 κυροῦσιν
1254 4084 1306 4155 ὅτῳ
1326 4086 1356 4139 ἀν
1375 4088 1392 4158 κ)
1412 4085 1491 4157 βουλή
1510 4105 1624 4158 χειροτο-

1016 4175 1079 4245 νήση
1108 4175 1173 4237 503
1219 4174 1260 4242 (τά
1288 4173 1403 4244 σῦμβολα
1429 4176 1462 4228 τὰ
1488 4175 1552 4248 πρὸς
1578 4177 1625 4236 τὰς

1015 4261 1109 4327 πόλεις)
1123 4261 1183 4328 703
1215 4279 1284 4331 pass.
1298 4260 1468 4332 κυρωθέντων
1482 4262 1509 4316 δέ
1522 4263 1623 4318 τοῦτων

1017 4349 1073 4415 343

963 4437 1055 4491 κῦων.
1094 4441 1119 4492 ἐν
1139 4440 1210 4492 κυσὶν
1229 4437 1358 4492 πολλαῖσιν
1377 4437 1440 4491 Solo
1463 4439 1519 4502 143

962 4526 1171 4597 κωλακρέτης
1191 4544 1258 4596 mag.
1272 4533 1318 4580 att.
1332 4528 1400 4595 plur.
1414 4525 1457 4591 8,4

962 4615 1046 4668 κωλῦ
1054 4634 1065 4668 ε
1073 4635 1097 4668 ιν
1110 4617 1165 4668 abs.
1179 4614 1403 4684 συμβουλευόντων
1413 4623 1488 4668 τινῶν
1498 4620 1536 4686 τηῖ
1546 4617 1622 4688 δήμῳ

972 4749 974 4751 ,
1014 4701 1187 4770 διανείμασθαι
1199 4703 1228 4754 τὸ
1241 4702 1356 4774 ἀργῦριον
1370 4701 1543 4773 Θεμιστοκλῆς
1554 4706 1621 4758 έκῶ-

1013 4791 1087 4844 λυσεν
1100 4792 1177 4858 2632
1205 4790 1345 4859 μέλλουσαν
1358 4790 1435 4843 αῦτοῦ
1448 4792 1495 4862 τὴν
1508 4791 1620 4866 ἀδελφήν

1014 4888 1167 4949 κανηφορεῖν
1188 4876 1371 4948 Παναθηναίοις
1390 4878 1517 4932 ἐκώλυσεν
1536 4880 1620 4946 2032
