3510 5610
188 301 230 364 56
418 298 644 353 ARISTOTELIS
664 299 726 352 RES
745 297 893 352 PUBLIGA
914 296 1178 351 ATHENIENSIUM
1198 296 1244 350 LII
1258 296 1326 349 1-s

243 471 341 539 διστάς
365 474 412 536 καὶ
435 473 501 541 τοὺς
524 473 703 547 λωποδύτας,
728 471 762 536 ἀν
780 473 832 554 μἐν
850 471 1054 556 [δμολογιῖήση
1079 471 1197 553 θανάτῳ
1214 473 1423 553 ζημιώσαντας,
1449 471 1484 534 ἀν
1499 481 1560 546 pfl&

243 573 264 637 δ’
293 577 525 661 ἀμφισβητῶσιν,
560 576 725 645 εἰσάξοντας
752 576 794 644 εἰς
820 575 853 639 τὸ
882 575 1106 660 διήκ]αστήριον,
1139 572 1192 637 κὰν
1223 576 1275 658 μὲν
1303 575 1505 657 ἀποφόγωσιν,

244 678 422 761 ἀφήσοντας,
446 679 472 740 εἰ
494 680 527 741 δέ
550 682 602 762 μή,
625 680 691 742 τότε
715 680 948 758 θανατώσοντας,
971 681 1018 742 καὶ
1043 680 1078 742 τὰ
1101 680 1328 762 ἀπογραφόμενα
1343 680 1440 763 χωρία
1457 681 1506 743 καὶ

245 782 336 850 οἰκίας
369 782 534 851 εἰσάξοντας
567 783 609 851 εἰς
643 784 674 845 τδ
708 783 906 865 δικαστήριον,
941 785 989 846 καὶ
1022 782 1058 845 τὰ
1085 779 1206 849 δόξαντα
1243 781 1400 866 δήηήμόσια
1431 782 1507 846 εἶναι

210 906 224 953 5
244 887 469 968 παραδώσοντας
491 891 552 953 τοῖς
575 890 733 968 πωληταῖς,
756 885 876 954 καὶτὰς
899 886 1030 955 ἐνδείξεις
1052 885 1229 954 εἰσάξοντας·
1254 888 1302 950 καὶ
1325 887 1378 970 γὰρ
1399 887 1507 955 ταύτας

245 989 407 1071 εἰσάγουσιν
431 990 457 1051 οἱ
481 989 593 1052 ἕνδεκα.
624 989 771 1070 εἰσάγουσι
795 991 826 1052 δὲ
849 994 907 1052 τῶν
931 989 1079 1057 ἐνδείξεων
1102 1012 1179 1057 τινας
1202 990 1249 1052 καὶ
1270 991 1296 1052 οἱ
1315 990 1505 1073 θεσμοθέται.

331 1096 471 1176 κληροδσι
500 1094 532 1155 δὲ
559 1094 606 1155 καὶ
635 1093 860 1175 εἰσαγωγεάς
887 1092 1036 1177 ἓάνδρας,
1060 1094 1087 1156 οἳ
1109 1093 1160 1160 τὰς
1183 1092 1333 1176 ἐμμήνους
1355 1095 1509 1176 εἰσάγουσι
1546 1106 1562 1157 2

245 1197 336 1269 δίκας,
360 1199 438 1259 δυοῖν
462 1200 567 1280 φυλαῖν
591 1196 721 1266 ἕκαστος.
756 1198 812 1260 εἰσὶ
835 1189 858 1259 δ’
877 1195 1001 1281 ἔμμηνυι
1024 1196 1152 1281 προικός,
1176 1196 1226 1258 ἐάν
1249 1220 1290 1265 τις
1313 1197 1439 1280 δφείλων
1463 1201 1505 1282 μὴ

246 1302 361 1385 ἀποδῳ,
395 1298 449 1363 κάν
482 1323 523 1368 τις
550 1299 597 1362 ἐπὶ
626 1302 747 1384 δραχμή
775 1302 980 1380 δανεισάμενος
1012 1301 1173 1382 ἀποστερή,
1207 1298 1260 1362 κάν
1287 1324 1328 1369 τις
1355 1300 1385 1362 ἐν
1413 1301 1508 1388 ἀγορᾷ

196 1424 227 1471 10
246 1404 423 1488 βουλόμενος
451 1403 624 1486 ἐργάζεσθαι
653 1405 819 1488 δανείσηται
842 1406 920 1488 παρά
943 1428 1018 1473 τινος
1040 1405 1193 1489 ἀφορμήν·
1217 1401 1260 1466 ἔτι
1284 1404 1304 1468 δ’
1326 1406 1436 1474 αἰκείας
1458 1408 1507 1469 καὶ

197 1554 336 1560 -...-...-..
356 1553 597 1560 -.—.-—.ae——-

195 1632 205 1681 l
229 1629 383 1698 ὁμολογῶσι]
402 1630 550 1682 restitutum
572 1646 585 1682 e
605 1630 758 1697 paraphrasi
779 1631 806 1682 in
823 1628 887 1681 Lex.
908 1629 988 1682 Βολλ.
1013 1631 1097 1699 quint.
1121 1632 1155 1692 (v.
1175 1631 1284 1693 testim.)
1428 1628 1563 1699 ζημιωθῆ-

193 1730 281 1776 σαντάς
301 1718 321 1770 L
446 1717 486 1783 ἀν]
506 1718 532 1769 ἐν
552 1717 572 1770 L
698 1717 713 1768 θ
733 1718 910 1788 αμφιβητωσιν
930 1719 949 1770 L
1074 1721 1090 1770 4
1110 1720 1215 1778 αξοντας
1234 1719 1262 1782 L,
1281 1736 1314 1776 εις
1334 1734 1464 1784 suprascr.
1484 1718 1519 1770 L⁴

193 1808 209 1860 6
228 1823 365 1876 εισαγουσιν
384 1806 451 1858 malo
470 1808 598 1873 scriptum
619 1822 697 1858 teser.
717 1807 749 1859 L*
892 1807 908 1858 8
928 1806 1008 1877 φυλαν
1028 1807 1048 1858 L
1190 1825 1304 1864 εκαστοις
1324 1807 1368 1873 L‘,
1387 1823 1452 1858 corr.
1472 1804 1506 1857 L⁴

194 1915 240 1965 μηι
259 1894 301 1962 L‘,
325 1911 391 1948 corr.
411 1892 443 1946 L*
595 1895 609 1945 θ
630 1894 742 1965 ἀποδιδῷ
765 1898 832 1949 coni.
858 1897 896 1960 Bl,
920 1897 1002 1962 K-W,
1021 1896 1078 1947 111.
1220 1894 1380 1964 δανισαμενας
1399 1894 1419 1946 L

194 2000 320 2053 αποστερη
342 1983 361 2034 L
486 2001 528 2034 εαν
547 2000 635 2053 αγοραι
653 1984 673 2036 L
818 1986 851 2037 10
869 1985 997 2056 δανισηται
1017 1985 1036 2036 L

194 2215 288 2284 γήμασι
307 2214 350 2266 καί
369 2213 457 2271 αἰτίαις
476 2212 716 2282 παραλαμβάνουσα,
736 2212 851 2269 καὶτοὺς
864 2216 909 2280 μέν
923 2211 1108 2282 ὁμολογοῦντας
1121 2214 1152 2263 τά
1165 2212 1310 2282 ἀδικήματα
1325 2213 1399 2282 κυρία
1412 2213 1443 2283 ήν
1458 2212 1567 2282 θανάτιρ

195 2304 308 2371 ζημιοῦν,
328 2303 386 2359 τοὺς
405 2298 425 2352 δ’
446 2301 665 2370 ἀμφισβητοῦντας
685 2299 820 2368 ἐφῦλαττεν
840 2301 922 2369 ἐντῷ
940 2300 1106 2370 δεσμωτηρίῳ
1125 2301 1199 2372 μέχρι
1218 2301 1332 2369 κρίσεως.
1370 2304 1413 2352 καὶ
1436 2304 1496 2358 τοῦς
1519 2303 1569 2369 μὲν

195 2389 420 2460 καταγνωσθέντος
440 2391 567 2458 φαρμάκῳ
587 2384 704 2460 ἀνήρουν,
723 2390 782 2444 τοὺς
801 2388 826 2440 δέ
845 2394 882 2457 τῷ
902 2388 984 2457 δημίῳ
998 2387 1159 2457 παρεδίδοσαν
1173 2389 1326 2441 ἀποκτεῖναι.
1356 2390 1454 2456 εἰσῆγον
1474 2389 1501 2441 δὲ
1521 2392 1569 2442 καὶ

194 2481 226 2532 τὰ
253 2479 426 2549 ἐγγραφόμενα
454 2477 536 2550 χωρία
558 2476 574 2546 L
599 2477 679 2533 οἰκίας
703 2477 737 2534 εἰς
761 2476 920 2547 δικαστήριον
943 2478 1035 2528 καὶτὰ
1054 2475 1161 2546 δημόσια
1184 2476 1245 2528 εἶναι
1270 2476 1377 2537 δόξαντα
1400 2477 1569 2547 παρεδίδοσαν

194 2575 247 2626 τοῖς
271 2567 400 2636 πωληταῖς
423 2565 546 2629 (πολίταις
564 2567 631 2629 cod.)
655 2566 803 2633 ἐκπράττειν
822 2573 849 2617 et
874 2566 912 2617 Et.
933 2582 992 2632 gen.
1012 2566 1056 2630 [ex
1076 2564 1192 2632 l'hoti0]‚
1218 2565 1287 2618 ιιιιιίο
1307 2552 1402 2633 Sythas
1423 2575 1449 2617 εἰ
1469 2567 1511 2618 Et.
1532 2569 1568 2618 11.

196 2656 290 2719 338,31
312 2661 354 2720 (=
376 2655 438 2707 Lex.
452 2655 531 2707 sabb.
549 2653 624 2720 1932>
644 2677 676 2697 =
696 2654 758 2706 Lex.
774 2655 887 2706 Vindob.
902 2655 954 2717 88),
983 2653 1082 2706 ένδεκαι
1112 2652 1241 2722 κληρωτοὶ
1265 2653 1385 2725 ἄρχοντες
1407 2654 1471 2724 ήσαν
1495 2654 1569 2708 οῦτοι

197 2745 379 2815 προεστηκότες
398 2749 442 2796 τοῦ
461 2742 635 2812 δεσμωτηρίου
654 2744 697 2795 καί
715 2743 773 2798 τοῦς
792 2742 964 2810 ἀπαγομένους
977 2742 1133 2811 κακοῦργους
1146 2743 1186 2794 ἐπὶ
1199 2742 1309 2794 θάνατον
1327 2742 1570 2813 παραλαμβάνοντες

197 2835 323 2901 ἐζημίουν,
351 2834 410 2889 τοῦς
438 2831 464 2884 δὲ
492 2831 712 2900 ἀμφισβητοῦντας
740 2830 839 2900 εἰσῆγον
871 2831 904 2886 εἰς
928 2829 956 2882 τὸ
976 2829 1136 2899 δικαστήριον
1160 2832 1202 2881 καὶ
1224 2831 1253 2882 τὸ
1273 2829 1386 2899 γνωσθὲν
1405 2833 1461 2903 περί
1480 2831 1570 2884 αῦτῶν

197 2922 328 2990 ἔπραττον.
366 2921 466 2989 εἰσῆγον
485 2918 511 2971 δέ
531 2920 623 2971 καὶτὰ
641 2919 836 2988 ἀπογραφόμενα
855 2919 936 2990 χωρία
960 2919 1003 2969 καὶ
1022 2919 1102 2975 οἰκίας
1121 2921 1165 2970 καὶ
1188 2921 1220 2970 τὰ
1245 2918 1353 2988 δημόσια
1376 2920 1437 2972 εἶναι
1460 2920 1570 2981 δόξαντα

197 3008 344 3080 παρεδίδουν
357 3015 408 3066 τοῖς
421 3006 552 3076 πωληταῖς
565 3006 688 3073 (πολίταις
702 3007 776 3069 κοιλ),
796 3008 894 3077 εἰσῆγον
913 3006 939 3058 δέ
953 3008 996 3058 καί
1009 3006 1075 3063 ἐνίας
1088 3006 1209 3067 ἐνδείξεις.
1239 3006 1369 3078 ῥητορική.
1408 3007 1469 3060 Lex.
1485 3009 1569 3061 ssekk.

198 3099 319 3166 quintum
340 3095 522 3161 (81131015)
541 3097 565 3147 οἰ
583 3094 673 3147 ἕνδεκα
691 3097 750 3150 τοῦς
769 3093 878 3152 κλέπτας
897 3096 939 3146 καὶ
957 3097 1015 3152 τοῦς
1033 3093 1182 3151 λωποδῦτας
1200 3096 1243 3146 καί
1262 3095 1457 3165 ἀνδραποδιστὰς
1476 3095 1569 3163 ὁμολο-

198 3189 303 3254 γοῦντας
323 3184 367 3250 μέν
386 3183 601 3245 ἀποκτιννύουσιν,
622 3181 793 3250 ἀντιλέγοντας
812 3180 838 3234 δὲ
857 3183 995 3249 εἰσάγουσιν
1014 3182 1048 3239 εἰς
1066 3181 1095 3234 τδ
1114 3181 1283 3251 δικαστήριον,
1322 3183 1435 3234 Eandem
1450 3184 1568 3252 glossam

198 3273 417 3336 habe11tPhot.1¹,
436 3271 556 3323 Suid.1s.
572 3288 594 3322 v.
622 3270 742 3340 ήγεμονία
762 3269 935 3339 δικαστηρίουι
954 3279 1007 3328 τοῖς
1025 3271 1143 3342 ἄρχουσιν
1163 3269 1192 3322 οῦ
1211 3274 1291 3328 πάσας
1305 3276 1378 3322 πᾶσιν
1392 3273 1476 3339 ἐφεῖτο
1496 3271 1570 3329 δίκας

199 3361 311 3429 εἰσάγειν,
330 3357 394 3412 ἀλλὰ
415 3397 502 3411 .....
522 3367 574 3416 τοῖς
592 3357 681 3410 ἕνδεκα
700 3356 756 3410 ὅσαι
774 3356 839 3422 (όσοι
856 3357 942 3420 Suid.)
961 3357 1063 3427 ληιστὰς
1083 3360 1125 3410 καὶ
1144 3357 1293 3415 λωποδύτας
1312 3361 1354 3411 καί
1372 3358 1569 3430 ἀνδραποδιστὰς

199 3449 346 3518 εἰσάγουσιν.
384 3447 458 3499 Phot.
483 3447 702 3516 ρ.19,12Ροτν.
727 3447 852 3516 περὶτῶν
872 3445 968 3498 ἕνδεκα.
1006 3445 1094 3498 ἕνδεκα
1118 3445 1205 3516 ἀνδρες
1229 3446 1290 3514 ῦπὲρ
1316 3449 1504 3515 τετταράκοντα
1522 3449 1567 3517 ἐτη

199 3535 327 3604 γεγονότες
346 3534 433 3605 κλήρῳ
452 3534 499 3602 τήν
519 3535 600 3606 ἀρχὴν
621 3532 714 3603 ταῦτην
733 3532 882 3602 ἐλάμβανον,
913 3533 1081 3602 ἐπεμελοῦντο
1101 3532 1127 3585 δὲ
1144 3540 1196 3585 τῶν
1215 3534 1241 3585 έν
1258 3533 1436 3604 δεσμωτηρίῳ·
1456 3534 1569 3594 κλέπτας

198 3623 225 3676 δέ
244 3626 287 3676 καὶ
305 3623 454 3680 λιυποδῦτας
474 3625 516 3675 καί
535 3622 739 3691 ἀνδραποδιστὰς,
762 3623 782 3674 εἰ
801 3627 846 3691 μέν
865 3621 905 3674 ἐπ’
924 3621 1067 3693 αῦτοφόιρῳ
1087 3621 1197 3690 λάβοιεν,
1216 3620 1336 3683 ἐκόλαζον
1361 3621 1478 3691 θανάτῳ·
1501 3625 1523 3676 εἰ
1541 3625 1568 3677 δέ

199 3710 358 3780 ἀντιλέγοιεν,
382 3710 416 3767 εἰς
439 3710 518 3778 κρίσιν
537 3709 676 3762 καθίστων.
714 3709 788 3761 Suid,
817 3709 918 3762 ἔνδεκαι
943 3709 1009 3780 ἀρχῆ
1035 3710 1060 3761 ἐν
1076 3705 1203 3777 Ἀθήναις
1225 3709 1392 3780 έπιμελυμένη
1412 3717 1464 3762 τῶν
1484 3714 1510 3764 ἐν
1530 3719 1567 3781 τῷ

200 3799 364 3867 δεσμωτηρίῳ
385 3797 580 3867 [κατακρίτων],
599 3793 637 3867 ἐφ’
658 3797 688 3867 ἣν
707 3797 830 3867 ἀνήγοντο
850 3800 909 3866 (leg.
929 3798 1067 3866 ἀπήγοντο)
1092 3797 1115 3848 οἱ
1134 3796 1240 3849 κλέπται
1264 3801 1307 3850 καὶ
1325 3799 1349 3851 οἱ
1368 3798 1568 3869 ἀνδραποδισταί.

200 3888 285 3940 Schol.
302 3888 344 3938 ίλτ.
361 3888 438 3954 Vesp.
455 3886 522 3939 1108
541 3887 610 3950 (VR)
629 3886 645 3955 L
665 3891 716 3937 τῶν
736 3886 823 3937 ἕνδεκα
842 3886 908 3958 ἀρχη
923 3888 981 3942 τοῦς
1000 3887 1044 3953 μέν
1065 3883 1249 3953 όμυλογοῦντας
1267 3886 1397 3950 (κλέπτας)
1416 3890 1460 3940 καὶ
1480 3889 1567 3957 ἀνδρα-

200 3976 317 4032 ποδιστὰς
337 3977 380 4028 καί
399 3973 546 4032 λωποδῦτας
559 3972 663 4043 θανάτῳ
676 3973 807 4039 ἐκόλαζον,
826 3977 883 4030 τοῦς
896 3974 918 4026 δ’
931 3976 1100 4045 ἀρνουμένους
1113 3973 1148 4031 εἰς
1161 3973 1319 4041 δικαστήριον
1333 3976 1439 4044 εἰσῆγον,
1469 3977 1568 4047 εἰσῆγον

199 4065 226 4117 δέ
245 4065 351 4120 καὶτὰς
370 4061 489 4122 ἐνδείξεις.
511 4091 541 4098 -
563 4062 647 4114 ὃσίιοί.
668 4061 730 4114 Luc.
752 4063 788 4113 lv
807 4062 972 4128 γι.17οόοσ.
1010 4063 1033 4114 οἱ
1057 4061 1146 4113 ἕνδεκα
1169 4062 1288 4133 ἄρχοντες
1311 4062 1374 4132 ήσαν
1398 4064 1465 4132 παρὰ
1485 4061 1568 4135 Ἀθη-

201 4155 277 4210 ναίοις
296 4158 349 4204 τῶν
369 4154 394 4204 ἐν
413 4151 452 4220 τῷ
470 4150 636 4221 δεσμωτηρίῳ
655 4149 844 4218 ἐπιμελοῦμενοι
868 4153 910 4201 καὶ
933 4149 989 4207 τοῦς
1013 4150 1185 4219 ἀπαγομένους
1209 4151 1384 4219 (ε’ναγομένυυς
1403 4155 1488 4216 codd.)
1509 4153 1568 4222 [ὡς]

200 4241 312 4297 κλέπτας
331 4241 346 4308 L
367 4239 561 4310 ἀνδραποδιστὰς
579 4240 595 4307 L
616 4237 770 4301 λωποδῦτας,
791 4236 892 4306 θανάτῳ
913 4239 1051 4308 ζημιοῦσιν,
1069 4238 1112 4290 ἐὰν
1132 4238 1157 4290 δὲ
1176 4238 1377 4309 ὰμφισβητιῖισιν,
1396 4241 1431 4298 εἰς
1449 4241 1568 4311 δικαστή-

203 4347 253 4401 ριον
274 4328 399 4396 εἰσάγουσι
417 4328 459 4379 καί
478 4325 516 4379 ότι
538 4327 567 4378 ἀν
587 4325 664 4397 κριθή
687 4327 742 4395 περὶ
765 4325 849 4378 αῦτῶν
869 4332 974 4379 ποιοῦσι.
1012 4327 1054 4378 καὶ
1077 4325 1101 4378 εί
1122 4344 1157 4383 τις
1181 4326 1256 4382 ἀλλος
1279 4326 1423 4398 κατακριθῇ
1448 4328 1568 4391 θανάτου,

202 4418 225 4470 οί
245 4416 333 4468 ἕνδεκα
352 4420 440 4468 τοῦτον
460 4414 704 4485 παραλαμβάνουσιν.
727 4443 757 4452 —-
778 4414 840 4466 Lex.
862 4414 941 4467 Bekk.
962 4417 1083 4482 quintum
1104 4430 1124 4466 s.
1141 4431 1162 4465 v.
1183 4413 1271 4466 ἕνδεκα
1290 4415 1348 4479 (ΒΑ
1369 4417 1491 4481 250‚11):

201 4514 253 4558 τῶν
272 4505 298 4556 δὲ
319 4502 445 4563 ἐνδείξεων
464 4504 589 4573 εἰσέφερον
609 4503 643 4560 είς
662 4502 821 4574 δικαστήριον
840 4504 869 4560 ὰς
888 4508 933 4571 μὲν
952 4504 975 4554 οἱ
987 4503 1085 4568 ἕνδεκα,
1104 4504 1134 4560 ὰς
1147 4504 1172 4556 δὲ
1185 4504 1208 4555 οί
1221 4501 1382 4570 θεσμοθέται.
1413 4505 1474 4559 Lex.
1489 4509 1569 4562 Sabb.

206 4595 294 4661 19,19;
316 4632 363 4644 ...
382 4600 434 4645 τῶν
454 4592 479 4646 δέ
499 4592 627 4653 ἐνδείξεων
647 4592 675 4648 ὰς
696 4592 740 4658 μὲν
760 4592 885 4660 εἰσέφερον
905 4592 938 4649 εἰς
956 4592 984 4644 τό
1004 4592 1162 4662 δικαστήριον
1181 4593 1205 4644 οί
1224 4591 1322 4654 ἕνδεκα,
1342 4592 1370 4649 ἀς
1389 4592 1415 4644 δὲ
1435 4595 1458 4646 οἱ
1477 4594 1568 4664 θεσμο-

202 4681 281 4735 θέται.
318 4681 381 4733 Lex.
399 4682 482 4732 Patm.
502 4697 526 4747 p.
543 4681 588 4732 16:
608 4680 698 4733 τῶνδὲ
712 4679 839 4740 ἐνδείξεων
853 4682 897 4737 τὰς
916 4686 961 4749 μὲν
981 4683 1003 4732 οἱ
1023 4681 1112 4733 ἕνδεκα
1131 4681 1239 4750 εἰσῆγον,
1257 4682 1301 4738 τὰς
1320 4679 1346 4732 δὲ
1366 4683 1389 4733 υἰ
1408 4681 1569 4751 θεσμοθέται.

290 4770 305 4819 7
325 4770 390 4822 Poll.
412 4769 474 4820 VIII
492 4770 537 4820 101
559 4769 702 4837 εἰσαγωγεῖς
725 4769 748 4820 οί
766 4771 811 4826 τὰς
830 4770 958 4839 ἐμμήνους
976 4768 1047 4826 δίκας
1066 4769 1212 4836 εἰσάγοντες.
1250 4769 1312 4838 ήσαν
1332 4768 1357 4820 δέ
1377 4771 1488 4839 προικός,
1515 4775 1569 4842 ἐρα-

202 4859 278 4922 νικαί,
311 4859 451 4928 ἐμπορικαί.
504 4858 617 4926 Hesych.
651 4859 794 4927 εἰσαγωγεῖς
821 4858 956 4927 (εἰσαγωγὴ
985 4859 1050 4920 cod„
1075 4875 1141 4910 corr.
1167 4858 1472 4922 Kaibel·Wilamowitz):
1501 4861 1569 4933 ἀρχή

200 4942 317 5015 Αθήνησι
336 4951 388 4997 τῶν
408 4947 439 4998 τόι
460 4945 608 5016 ἐγκλήματα
627 4946 786 5015 εἰσαγόντων.
