3510 5610
675 318 907 374 PRAEFATIO
1438 339 1476 375 vrr

106 495 229 580 quidem
256 495 411 561 rationum
438 516 509 582 pars
531 495 616 581 prior
638 516 674 559 ea
697 502 743 558 est
763 515 843 578 quae
858 501 978 579 partem
994 494 1185 559 Aristotelici
1209 494 1310 581 operis
1333 494 1478 558 ultimam

107 599 233 682 (idest,
261 599 406 664 volumen
423 597 584 684 quartum)
606 598 638 662 in
664 606 748 679 tergo
772 604 871 675 tenet3
895 597 951 660 hoc
975 607 1080 662 tamen
1103 598 1189 663 aliud
1213 600 1308 663 luisse
1332 598 1478 662 volumen

107 725 124 768 e
138 703 294 769 mensuris
309 724 387 788 quas
403 723 497 788 supra
513 701 583 766 dedi
601 700 708 785 liquet,
732 699 906 784 decimique
922 701 995 764 anni
1013 701 1148 766 rationes
1164 702 1275 767 reddit.
1320 700 1477 766 undecimi

107 807 179 872 anni
195 815 361 893 computus
383 806 416 872 in
438 805 498 870 tria
520 804 679 870 volumina
701 803 819 869 divisus
838 812 894 869 est.
933 804 1069 890 primum
1093 806 1132 868 ad
1152 813 1273 890 partem
1287 804 1479 869 Aristotelioi

107 911 206 996 operis
221 910 360 996 priorem
383 909 593 995 recipiendam
616 908 661 972 ita
684 907 859 971 adhibitum
883 916 939 988 est,
963 917 998 972 ut
1021 908 1148 972 initium
1163 909 1335 992 scripturae
1351 907 1479 993 Didymi

107 1021 231 1097 atergo
262 1020 436 1078 extremum
464 1012 623 1098 scriptoris
652 1011 831 1076 recentioris
858 1033 988 1096 pensum
1016 1012 1143 1093 habeat,
1171 1013 1246 1096 quin
1274 1012 1378 1094 etiam,
1407 1033 1478 1076 oum

106 1137 242 1203 papyrus
259 1116 401 1204 scriptori
418 1115 596 1180 Aristotelis
613 1137 673 1179 non
695 1115 860 1197 sufficeret,
884 1115 993 1180 folium
1016 1115 1102 1179 aliud
1125 1136 1271 1198 magnum
1296 1114 1478 1195 addebatur,

106 1221 188 1307 qnod
222 1242 306 1285 nnnc
339 1220 451 1306 pagina
480 1219 647 1284 undecima
673 1218 865 1283 Aristotelici
894 1219 995 1301 operis
1024 1218 1199 1304 occupat¹).
1254 1219 1339 1303 prius
1373 1227 1477 1283 tamen

106 1345 201 1409 qnam
231 1345 334 1389 rernm
362 1324 558 1410 publicarum
586 1322 826 1387 Atheniensium
854 1323 996 1386 fortunae
1024 1322 1074 1386 hic
1108 1330 1316 1400 narrarentur,
1351 1320 1478 1385 initium

106 1428 222 1492 lecerat
252 1427 366 1511 aliquis
395 1427 619 1491 commentaria
648 1425 880 1509 (argumentum
905 1437 936 1490 et
958 1427 1089 1510 scholia)
1114 1428 1144 1490 in
1169 1427 1340 1491 orationem
1362 1426 1477 1489 Demo-

105 1530 224 1596 sthenis
253 1529 424 1594 Midianam
452 1529 687 1610 transcribendi,
724 1536 793 1615 post
827 1530 955 1615 paginas
984 1538 1088 1594 autem
1123 1550 1217 1593 unam
1251 1537 1283 1594 et
1316 1527 1478 1591 dimidiam

106 1633 308 1719 transcriptas
330 1634 424 1698 finem
452 1633 550 1697 labori
574 1631 762 1718 posuerat²).
811 1633 868 1698 hoo
891 1632 1037 1717 deinceps
1064 1632 1177 1713 deleto,
1193 1630 1383 1697 Aristotelici
1406 1631 1479 1696 libri

105 1759 176 1822 pars
199 1737 283 1823 prior
306 1737 339 1802 in
361 1737 483 1822 paginis
506 1736 651 1801 undecim
675 1735 849 1820 conscripta
872 1745 928 1814 est,
952 1758 1031 1820 qnae
1056 1736 1100 1800 ita
1124 1736 1204 1801 inter
1219 1756 1286 1801 sese
1302 1733 1479 1821 discrepant

106 1849 141 1905 ut
162 1841 329 1906 undecima
344 1841 544 1905 latitudinem
567 1839 609 1905 28
625 1862 684 1914 om,
708 1839 829 1903 decima
854 1842 893 1904 1·2
910 1862 968 1917 om,
993 1862 1075 1905 nona
1097 1840 1136 1905 21
1155 1861 1214 1922 cm,
1239 1847 1358 1903 ceterae
1373 1847 1478 1903 autem

107 1945 188 2008 circa
212 1945 405 2010 14-160111
429 1944 573 2010 habeant.
620 1945 766 2009 volumen
791 1944 923 2008 alterum
948 1944 1068 2027 (littera
1093 1941 1118 2007 B
1142 1966 1160 2006 a
1182 1943 1284 2008 scriba
1306 1943 1478 2027 signatum)

106 2047 254 2113 tredecim
288 2048 382 2112 habet
415 2048 556 2133 paginas,
589 2047 735 2113 similiter
769 2047 946 2133 dispositas,
980 2048 1025 2112 ita
1058 2055 1094 2111 ut
1127 2047 1255 2111 initium
1287 2045 1478 2111 Aristotelici

106 2150 208 2236 operis
223 2152 317 2215 linem
335 2151 490 2216 rationum
507 2152 730 2236 Didymearnm
747 2174 766 2214 a
781 2162 866 2235 tergo
882 2152 1009 2225 habeat;
1033 2150 1146 2237 pagina
1161 2150 1263 2236 prima
1278 2149 1478 2215 latitudinem

106 2253 199 2318 habet
234 2254 274 2319 16
297 2276 359 2329 cm,
402 2263 521 2320 ceterae
556 2264 660 2320 antem
693 2255 779 2337 (aliis
813 2255 957 2319 manibus
991 2255 1211 2339 transcriptae)
1241 2253 1397 2319 <ae-12
1419 2277 1477 2318 cm.

106 2357 248 2422 Tertium
268 2360 335 2441 (cui
358 2359 459 2424 scriba
481 2360 576 2424 verba
597 2382 686 2441 copo<
708 2383 724 2440 γ
746 2358 942 2444 praeposuit)
966 2359 1096 2444 paginae
1123 2358 1215 2444 paulo
1238 2357 1404 2443 ampliores
1427 2379 1480 2421 sex

108 2469 270 2547 occupant,
294 2461 471 2527 latitudinis
494 2464 735 2541 11·5-·-160m‚
759 2483 892 2546 quarum
908 2483 970 2525 una
986 2462 1111 2546 (octava
1134 2470 1165 2525 et
1180 2461 1344 2543 vicesima)
1368 2460 1481 2525 mutila

108 2573 168 2645 est3
200 2566 233 2630 in
266 2565 323 2630 hoc
355 2566 482 2631 initium
516 2568 616 2654 operis
646 2566 838 2630 Aristotelioi
869 2565 996 2629 initium
1023 2565 1181 2630 rationum
1210 2564 1435 2649 Didymearum
1463 2588 1481 2628 a

108 2675 192 2751 tergo
223 2668 326 2733 babet.
379 2679 524 2754 quartum
552 2671 713 2749 volumen,
747 2669 785 2733 de
812 2691 873 2754 quo
902 2689 996 2753 supra
1023 2668 1173 2747 diximus,
1206 2676 1326 2752 septem
1355 2668 1481 2752 paginas

110 2770 212 2852 habet,
239 2771 416 2837 latitudinis
443 2773 525 2838 circa
549 2776 586 2837 11
606 2796 669 2852 cm3
697 2773 755 2837 hae
783 2793 890 2838 omnes
917 2772 1036 2836 lacerae
1059 2772 1090 2836 et
1112 2771 1193 2835 male
1215 2771 1350 2854 habitae,
1379 2771 1424 2835 ita
1445 2772 1494 2836 ut'

110 2874 203 2939 verba
224 2874 325 2939 multa
348 2876 414 2940 sola
437 2876 614 2942 coniectura
636 2877 718 2941 lecta
739 2884 794 2940 ant
810 2876 955 2941 restituta
969 2877 1041 2958 sint,
1066 2875 1216 2940 nonnulla
1233 2875 1334 2940 adbuc
1350 2876 1481 2940 obscura

110 2984 203 3062 atque
225 2977 345 3042 incerta
367 2988 523 3045 maneant.

193 3081 240 3146 De
264 3090 366 3146 aetate
390 3083 505 3147 codicis
528 3084 619 3168 plura
641 3105 724 3148 nunc
746 3091 819 3148 sunt
834 3082 1123 3166 testimonia-quam
1140 3102 1175 3147 eo
1192 3091 1330 3167 ternpore
1354 3084 1576 3183 fueruntcffiygs

112 3205 169 3268 quo
198 3183 334 3269 primum
362 3184 395 3249 in
423 3186 524 3250 lucem
555 3187 646 3251 datus
670 3194 726 3266 est,
753 3185 913 3251 sedidem
937 3184 1098 3248 iudicium.
1144 3207 1216 3249 cnm
1239 3185 1321 3249 enim
1345 3187 1480 3251 rationes

112 3308 190 3370 quae
216 3287 250 3351 in
283 3288 412 3352 obverso
440 3289 537 3353 latere
566 3289 676 3374 papyri
703 3298 777 3353 sunt
803 3289 894 3352 annis
917 3296 986 3374 post
1010 3288 1165 3353 Christum
1190 3297 1298 3353 natum
1322 3288 1363 3353 78
1386 3298 1417 3353 et
1440 3290 1480 3355 79

111 3390 241 3475 scriptas
269 3411 336 3455 esse
364 3399 481 3456 certum
509 3414 609 3477 neque
638 3393 700 3456 veri
728 3392 830 3457 simile
857 3392 898 3457 sit
925 3392 1041 3478 scripta
1068 3392 1144 3456 talia
1171 3392 1224 3456 din
1252 3415 1317 3458 esse
1346 3402 1479 3476 servato,

112 3493 202 3556 iacile
230 3492 385 3559 evincitur
414 3516 490 3579 opus
518 3495 752 3559 Aristotelicum
782 3496 863 3560 circa
884 3496 922 3559 A.
944 3495 981 3558 D.
1005 3495 1066 3559 100
1096 3495 1128 3560 in
1156 3517 1263 3562 averso
1291 3497 1388 3562 latere
1416 3519 1481 3564 esse

113 3596 344 3682 transcriptum.
395 3596 477 3681 quod
501 3597 651 3661 iudicium
676 3599 785 3663 multis
807 3621 890 3663 nunc
914 3600 1101 3664 testimoniis
1123 3599 1303 3665 roboratum
1326 3610 1382 3681 est,
1411 3624 1481 3666 cum

114 3700 287 3784 permultae
310 3700 376 3764 eius
393 3699 505 3764 aetatis
525 3701 634 3786 papyri
658 3701 742 3765 intra
763 3702 819 3766 hos
836 3703 998 3768 duodecim
1022 3724 1118 3767 annos
1145 3703 1289 3769 inventae
1312 3712 1343 3769 et
1366 3705 1480 3790 publici

114 3801 191 3866 iuris
213 3803 314 3867 sactae
337 3802 400 3867 sint
409 3802 444 3885 ³).
490 3803 572 3868 unde
597 3827 749 3889 papyrum
772 3807 998 3871 londinensem
1022 3809 1103 3871 circa
1124 3808 1219 3872 finem
1242 3809 1356 3872 saeculi
1380 3830 1408 3892 p.
1427 3809 1479 3872 Ch.

113 3903 205 3989 primi
236 3903 269 3970 in
299 3907 440 3991 Aegypto
467 3907 613 3988 (sortasse
640 3930 735 3993 prope
762 3909 910 3993 oppidum
938 3909 1162 3994 Hermopolim,
1196 3910 1228 3974 in
1263 3933 1323 3994 qua
1358 3912 1481 3994 regione

116 4008 250 4073 rationes
272 4008 445 4092 Didymeae
468 4012 626 4075 confectae
649 4012 737 4094 sunt)
759 4012 978 4096 transcriptam
1002 4033 1067 4077 osse
1091 4020 1218 4077 constat

197 4112 414 4198 Archetypum
442 4135 458 4177 e
486 4135 547 4198 quo
576 4115 799 4200 transcriptum
827 4123 874 4179 est
899 4116 1078 4200 exemplum
1104 4115 1300 4180 Londinense
1333 4118 1479 4181 mutilum
1490 4124 1614 4222 lgglfissllg

112 4216 207 4280 luisse
233 4215 306 4280 inde
334 4224 430 4302 patet,
464 4218 546 4301 quod
579 4219 704 4283 initium
732 4219 833 4303 operis
866 4219 962 4283 codex
994 4227 1097 4284 noster
1129 4219 1254 4284 omnino
1283 4241 1343 4284 non
1375 4220 1479 4294 habet,
1545 4209 1547 4213 ¹
1587 4209 1589 4214 ⁵

202 4445 221 4508 ¹)
241 4443 305 4496 Cum
325 4443 375 4495 hoc
394 4441 485 4494 folium
506 4446 560 4494 tum
575 4443 687 4510 primum
702 4443 735 4495 ad
748 4443 903 4511 scripturam
918 4443 1098 4512 accipiendam
1112 4444 1290 4510 adhiberetur,
1309 4444 1396 4498 scriba
1408 4447 1479 4496 recte

113 4530 196 4584 latere
215 4531 316 4600 (pronis
336 4529 437 4583 scilicet
455 4531 541 4598 fibris)
562 4547 626 4584 usus
646 4535 699 4596 est;
719 4548 839 4586 aversum
859 4534 959 4601 absque
979 4533 1110 4600 scriptura
1129 4536 1177 4585 cst.

200 4617 223 4685 2)
242 4618 340 4671 Textus
360 4618 388 4669 in
408 4617 524 4670 editione
543 4634 602 4670 mea
621 4619 699 4670 tertia
718 4619 863 4685 impressus
876 4611 976 4671 'exstat

201 4705 221 4769 ²)
241 4704 338 4758 Confer
357 4706 498 4772 praecipue
523 4721 637 4774 papyros
657 4706 742 4760 Musei
761 4707 907 4759 Britannici
927 4706 978 4759 289
998 4710 1078 4772 (anno
1092 4708 1123 4760 91
1145 4709 1291 4774 scriptam),
1312 4709 1361 4761 142
1381 4710 1415 4776 (a.
1427 4709 1482 4775 95),

116 4794 164 4848 143
182 4799 215 4860 (a
227 4794 282 4863 97),
307 4800 333 4847 et
351 4795 435 4847 llusei
454 4794 560 4846 Raiueri
580 4795 631 4848 ‘215
651 4794 687 4860 (a.
698 4795 752 4861 83),
773 4812 881 4865 quarum
902 4796 1032 4865 imagines
1051 4796 1239 4865 phototypicae
1259 4801 1363 4850 exstant
1382 4798 1482 4864 (Greek

114 4883 209 4953 Papyri
221 4884 247 4935 a'n
260 4884 298 4934 the
314 4882 409 4934 Britisb
425 4883 547 4945 illusorem,
566 4882 617 4935 vul.
628 4882 661 4948 ll,
674 4883 750 4936 Atlas
764 4885 793 4937 of
805 4884 967 4951 FacsimiluS,
987 4885 1022 4954 pl.
1036 4885 1078 4953 34,
1091 4885 1133 4951 43,
1147 4888 1193 4951 44;
1213 4887 1328 4954 Pupyrus
1344 4886 1482 4958 Ereberzoy

115 4969 220 5036 Roiner,
242 4971 340 5022 Fallrrer
359 4970 434 5022 durch
456 4971 494 5021 dic
513 4971 678 5039 Ausetellnny,
696 4972 753 5024 Tui.
765 4973 823 5040 lx).
