3510 5610
211 341 435 398 VERBORUM

263 517 288 569 έν
302 513 460 589 ’11ιτιωνείρ)
475 518 553 584 3932
584 518 653 575 έντδς
674 519 682 568 ῐ
697 520 805 573 σταδίων
821 526 866 574 τοῦ

262 604 360 678 τείχους
373 607 450 673 5432
478 614 570 677 τειχῶν
583 607 776 676 ἀνοικοδόμησις
788 608 867 671 2730

209 693 378 764 τεκμήριον
397 695 554 766 ἐπιφέρουσιν
573 696 631 759 431

207 782 320 834 τέκνον
339 783 408 850 ρίιιτ,
422 783 465 835 καθ
483 781 555 836 attat
573 785 616 838 καὶ
633 784 665 836 τδ
683 785 760 837 τέκνα
779 786 823 838 καὶ
841 785 866 838 αί

260 877 373 940 γυναῖκες
392 870 433 936 3,7

208 957 318 1012 τελεῖν.
348 960 455 1024 pendere
468 959 499 1011 τά
512 958 572 1028 τέλη
592 960 613 1012 ιί
625 958 692 1014 τελεῖ
705 961 782 1027 6234
812 982 865 1012 τεν-

259 1049 310 1098 seri
328 1049 390 1099 inter
408 1047 699 1115 (πεντακοσιομέδιμνον)
719 1048 765 1114 8,7
801 1051 865 1115 (ζευ-

259 1133 346 1204 γίσιον)
366 1135 408 1198 93
439 1135 480 1200 (τὸ
498 1133 614 1202 θητικόν)
632 1135 675 1200 8,6
706 1145 777 1190 ποῖον
794 1136 866 1196 τέλος

260 1223 327 1275 τελεῖ
344 1222 385 1288 9,5

207 1310 332 1369 τέλειος.
371 1312 445 1381 ἱερῶν
463 1309 564 1364 τελείων
583 1311 661 1378 3336

206 1399 384 1458 τελευταῖος
402 1399 445 1459 4,9
482 1398 591 1465 (τοδτων
614 1407 666 1454 τῶν
685 1401 783 1474 ἀρχῶν)
802 1403 863 1469 435

259 1488 290 1539 τί.
304 1487 365 1550 59,5
401 1488 431 1540 τδ
449 1486 593 1541 τελευταῖον
611 1489 687 1552 2031

205 1574 361 1629 τελευτᾶν.
392 1576 587 1645 τελευτήσαντος
607 1573 783 1646 Πεισιστράτου
802 1579 863 1645 203

259 1664 290 1716 εί.
304 1664 380 1728 2237
394 1665 512 1729 31332.
522 1664 550 1717 13
565 1665 625 1732 653
655 1665 714 1729 (ὑπὸ
726 1672 779 1719 τῶν
792 1667 864 1738 δορυ-

258 1751 355 1822 φόρων)
374 1752 435 1818 21,3
471 1752 594 1824 διατίθησι
613 1755 700 1824 ἀγῶνα
718 1755 761 1808 τδν
779 1756 863 1809 έπιτά-

257 1859 314 1909 (τιον
326 1849 378 1898 τοῖς
386 1841 588 1913 τετελευτηκόσιν
602 1844 628 1895 έν
640 1845 680 1914 τῷ
687 1843 791 1916 πολέμῳ
802 1846 862 1912 683

203 1927 333 1997 τελευτή
353 1930 532 2001 (τοῦπατρὸς)
551 1929 611 1996 233

203 2015 293 2074 τέλος
311 2036 397 2068 centus
417 2019 477 2085 539
497 2018 539 2086 9,5
576 2021 636 2071 ordo
655 2020 717 2085 830
753 2018 861 2090 θητικοῦ

256 2105 312 2158 ἀντὶ
337 2106 425 2166 τέλους
455 2109 537 2176 epigr.
560 2108 625 2170 8,l4
672 2108 740 2177 plur.
762 2111 861 2160 ordinet

198 2249 203 2259 ,
257 2194 362 2247 Solonis
373 2193 414 2259 83
435 2197 564 2261 υοειῖηιιίίο
575 2196 653 2260 2832
664 2197 733 2258 506.
742 2196 772 2248 12
783 2197 859 2261 6234

282 2283 348 2344 finis
375 2283 427 2355 ἔχει
456 2282 527 2340 τέλος
553 2284 570 2353 ἡ
598 2284 655 2354 δίκη
683 2283 747 2348 583
788 2284 861 2356 μέχρι

256 2371 335 2442 ἀρχῆς
349 2370 541 2436 (αιτῖιοιιιιιιιιι)
560 2370 647 2428 τέλους
666 2373 714 2435 (sie
727 2373 786 2424 sine
799 2374 860 2425 arti·

165 2459 168 2463 ’
255 2461 314 2511 culo
329 2469 358 2512 ut
377 2459 540 2523 informata)
554 2459 630 2524 6331
663 2459 721 2512 adv.
735 2461 778 2512 καί
790 2459 862 2518 τέλος

256 2546 292 2604 ώς
310 2547 357 2601 οὒκ
376 2548 480 2601 έδδνατο
499 2545 555 2601 κτλ.
567 2546 646 2612 2133

200 2634 322 2705 τελώνη
331 2655 350 2693 ς.
381 2644 432 2694 τοῖς
445 2635 567 2695 τελώναις
579 2636 622 2688 καὶ
635 2637 701 2688 κατὰ
719 2643 771 2689 τῶν
782 2636 861 2689 τελω-

255 2729 305 2774 νῶν
326 2724 477 2790 (δικάζουσιν
497 2725 520 2777 οἱ
540 2724 684 2789 άτιοδέκται)
704 2724 765 2789 57,3

200 2812 336 2876 τέμενος.
374 2808 510 2880 μισθώσεις
527 2818 579 2864 τῶν
599 2818 710 2879 τεμενῶν
730 2813 790 2876 513

200 2897 349 2969 τέταρτος
362 2898 440 2965 2130
453 2900 531 2964 2430
543 2899 621 2965 2637
635 2899 695 2964 273
708 2899 786 2964 4236
801 2900 860 2966 613

254 2993 353 3051 πρῶτον
378 2989 443 3055 μέν.
458 3029 464 3040 .
479 3029 494 3053 ,,
519 2987 634 3057 διδτερον
657 2987 684 3040 δέ
697 3027 703 3039 .
717 3023 724 3038 .
738 3027 755 3055 .,
776 2987 860 3059 τρίτον

253 3112 309 3138 ...,
328 3076 447 3146 τέταρτον
467 3076 544 3143 3436

200 3166 349 3232 τετράκις
368 3167 423 3233 (τῆς
440 3164 590 3235 πρυτανείας
608 3164 726 3234 ἑκάστης)
744 3164 804 3231 46,6

200 3253 401 3321 τετρακόσιοι
427 3251 502 3317 1933
525 3254 603 3317 2435
621 3252 700 3316 3432
719 3252 805 3315 3534.
816 3252 858 3306 20.

254 3340 286 3390 27
299 3340 368 3405 363.
379 3339 403 3392 8.
417 3340 455 3392 12.
470 3341 498 3391 17
518 3341 579 3404 433
609 3340 625 3409 ή
640 3339 717 3411 βουλή
738 3341 761 3394 οί
774 3359 857 3414 τετρα·

252 3427 332 3479 κόσιοι
351 3427 457 3481 bolonis
480 3428 541 3488 103
577 3428 735 3499 τετρακόσιοι
757 3428 801 3480 καθ
824 3428 858 3486 είς

254 3516 394 3568 Draconiis
413 3517 478 3583 539
514 3518 530 3585 ή
554 3517 594 3570 ἐπὶ
616 3523 669 3569 τῶν
688 3515 858 3583 τετρακοσίων

252 3602 363 3656 πολιτεία
375 3603 411 3669 (τι.
425 3606 488 3669 411)
501 3604 576 3666 3231
586 3620 642 3672 sqq.
674 3603 788 3657 δικασταὶ
802 3605 858 3674 βου-

252 3691 298 3760 λης
316 3694 472 3761 τετρακόσιοι
492 3694 535 3745 καὶ
554 3692 587 3750 είς
606 3693 667 3757 58,8

197 3783 315 3846 τετράς.
347 3781 425 3850 μηνὸς
439 3779 616 3852 Θαργηλιῶνος
629 3781 726 3851 τετράδι
745 3782 785 3834 ἐπὶ
797 3781 858 3835 δέκα

250 3868 334 3933 3530
369 3869 504 3940 ἀρξάμενοι
522 3869 572 3922 ἀπό
590 3873 637 3938 τῆς
654 3868 772 3939 τετράδος
791 3870 857 3922 ἱστα-

251 3958 328 4024 μένου
348 3955 396 4021 (sc.
410 3957 499 4026 μηνός)
519 3958 596 4022 7333

197 4045 350 4116 τετρήρης
369 4045 434 4112 plur.
450 4044 529 4109 (coni.
542 4045 659 4114 τριήρεις)
680 4046 755 4107 4931

196 4132 511 4205 τετταρακαιδεκέτις
531 4134 589 4196 65,7

196 4223 433 4292 τετταράκοντα
451 4221 524 4284 333,
536 4221 569 4273 25
588 4220 650 4286 353
672 4221 737 4279 44,8
756 4221 854 4285 5936

249 4309 324 4372 6331
356 4309 378 4361 οἱ
390 4310 577 4377 τετταράκοντα
588 4309 668 4374 (κατὰ
680 4306 777 4377 δήμους
789 4327 855 4380 περι·

250 4398 317 4455 όντες
337 4398 462 4465 ἐδίκαζον)
483 4398 543 4459 57,5
554 4413 611 4464 sqq.

196 4484 343 4555 τέτταρες
362 4487 428 4554 538
448 4487 491 4551 83
514 4485 578 4550 935
593 4486 641 4537 bis.
665 4484 741 4549 1431
764 4485 854 4547 2432.

252 4573 280 4625 17
301 4573 432 4637 343316
452 4573 579 4638 353532
599 4572 659 4635 363
678 4571 756 4636 4232
775 4572 854 4633 44,Ιὸ

248 4661 326 4725 4534
345 4661 405 4724 57,5
425 4662 484 4726 58,6
503 4662 582 4727 7034
600 4659 680 4724 7330
699 4659 768 4720 78,5.
781 4661 812 4712 14

200 4757 300 4816 τηρεῖν
321 4750 375 4815 (τάς
399 4748 466 4807 κλεῖς
489 4750 534 4806 τὰς
557 4754 608 4800 τῶν
633 4747 718 4815 ἱερῶν)
736 4745 801 4808 483
821 4746 852 4798 εί.

1513 352 1576 418 149

1286 356 1423 436 τιμωρεῖν

919 521 1038 576 τιθέναι
1056 524 1184 587 αιδίεπε
1203 524 1235 577 <le
1255 523 1343 591 legum
1363 524 1492 578 latoribus
1511 525 1576 578 Dra·

972 616 1056 675 οοιιίε,
1076 611 1172 665 Solone
1193 611 1340 665 Clisthene:
1364 610 1494 681 (θεσμοδς)
1513 611 1572 677 531

971 698 1085 767 (νόμους)
1106 699 1168 767 631
1189 700 1252 766 732
1275 699 1344 764 10,8.
1358 701 1385 752 11
1408 700 1489 764 2531
1511 701 1577 767 263

970 785 1030 852 333
1067 795 1093 840 ετ
1112 789 1269 855 generaliter
1287 786 1365 856 νόμον
1383 787 1419 858 μή
1438 787 1575 858 ἐπιτήδειον

971 873 1049 928 θεῖναι
1062 873 1121 942 69,9
1153 887 1258 927 statuere
1277 875 1302 927 ἐν
1321 882 1373 934 τοῖς
1391 877 1478 944 νόμοις
1496 882 1576 931 ταῦτα

970 963 1040 1018 δοκεῖ
1052 963 1130 1016 θεῖναι
1140 962 1265 1033 δημοτικά
1274 962 1358 1030 (8010)
1371 963 1429 1028 11,9
1458 965 1576 1031 deponere

970 1051 1120 1121 (ἱκετηρίαν)
1139 1050 1203 1113 47,7
1240 1051 1342 1101 reddere
1365 1051 1574 1120 0600100008.

969 1138 1027 1196 τοὺς
1051 1134 1075 1190 δ’
1090 1133 1171 1190 ἐνθάδ’
1186 1176 1192 1188 .
1207 1178 1213 1190 .
1228 1136 1394 1208 ,ἐλευθέρους
1411 1137 1495 1209 έθηκα
1513 1139 1574 1194 8010

973 1224 1047 1285 1337
1079 1243 1217 1292 apparare:
1237 1224 1281 1277 τὸν
1301 1226 1388 1296 ἀγῶνα
1406 1225 1542 1297 διατίθησιν
1560 1226 1573 1281 δ

969 1312 1090 1382 βασιλείας.
1121 1310 1205 1382 τίθησι
1223 1311 1249 1365 δὲ
1268 1316 1311 1367 καὶ
1329 1316 1388 1374 τοδς
1406 1321 1459 1369 τῶν
1475 1314 1573 1385 λαμπά-

968 1400 1019 1453 δων
1051 1401 1151 1471 ἀγῶνας
1181 1400 1293 1460 ἅπαντας
1324 1403 1388 1465 663
1442 1402 1510 1456 med.
1542 1405 1573 1457 de

968 1490 1067 1558 populo
1093 1489 1165 1558 leges
1189 1489 1290 1543 ferente
1312 1498 1364 1549 τοῖς
1391 1490 1417 1543 δῖ
1441 1491 1527 1559 νόμοις
1549 1493 1574 1545 οἳ

968 1577 998 1629 δν
1020 1575 1128 1630 τεθῶσιν
1152 1580 1208 1647 περὶ
1231 1583 1282 1630 τῶν
1302 1578 1439 1632 πολιτικῶν
1462 1579 1573 1650 χρῆσθαι

968 1667 1011 1718 καί
1041 1666 1075 1734 μή
1105 1663 1192 1726 ἐξεῖναι
1220 1673 1360 1734 μετακινεῖν
1388 1666 1449 1738 μηδ’
1475 1668 1574 1739 ἑτέρους

968 1751 1057 1806 θέσθαι
1079 1754 1219 1824 (oligarchi
1242 1755 1341 1819 0311)
1360 1754 1419 1819 35,6
1456 1754 1470 1808 ὁ
1493 1755 1572 1826 δῆμος

965 1842 1043 1909 νόμον
1066 1840 1138 1894 ἔθετο
1165 1842 1230 1906 493
1271 1841 1297 1901 ὃς
1325 1842 1354 1895 δν
1383 1844 1418 1912 μὴ
1442 1841 1519 1924 θηται
1541 1847 1572 1897 τὰ

965 1927 1031 1982 δπλα
1044 1930 1107 2001 μηδέ
1126 1925 1187 1999 μεθ’
1201 1930 1294 2001 ἑτέρων
1314 1933 1350 1998 (ιίι
1364 1934 1418 1983 acie
1430 1934 1573 1995 consistere)

969 2017 1051 2082 1032
1092 2019 1119 2070 ίν
1144 2019 1262 2089 μετρίοισι
1285 2017 1385 2071 τίθεσθε
1408 2020 1485 2088 μέγαν
1513 2020 1572 2073 νόον

967 2105 1109 2169 8010634

1003 2209 1072 2260 pass.
1089 2192 1185 2246 τίθεται
1209 2194 1235 2246 ίν
1257 2197 1295 2263 τῷ
1314 2193 1409 2264 πρώτην
1432 2201 1484 2248 τῶν
1503 2196 1572 2249 δικα·

966 2281 1074 2351 στηρίων
1094 2272 1108 2350 β
1128 2281 1291 2352 κληρωτήρια
1304 2282 1380 2345 7731
1413 2284 1445 2336 τά
1464 2283 1573 2354 κιβώτια

966 2374 1046 2419 κεῖται
1060 2368 1134 2431 7431
1157 2371 1189 2421 εί.
1202 2370 1263 2432 813
1294 2373 1446 2440 παράστασις
1458 2375 1572 2443 (γραφῶν

966 2457 1022 2508 scii.
1037 2456 1169 2523 drachma)
1184 2457 1279 2509 τίθεται
1293 2458 1372 2519 6930
1402 2458 1492 2527 φρενὸς
1504 2458 1572 2512 ένδο·

966 2545 1010 2597 θεν
1030 2543 1105 2613 α’λγεα
1124 2551 1204 2597 κεῖται
1222 2545 1341 2608 801063
1377 2546 1474 2613 (νόμος)
1495 2546 1572 2608 2532

967 2633 1040 2696 263.
1056 2634 1084 2685 16
1104 2632 1168 2697 35,5
1206 2633 1259 2684 indi
1276 2632 1305 2685 τδ
1324 2632 1404 2701 ὄνομα
1422 2638 1467 2686 τοῦ
1485 2633 1573 2694 τέλους

967 2722 1002 2780 ώς
1021 2721 1051 2773 δν
1070 2720 1119 2774 ἀπὸ
1143 2722 1350 2792 τοῦπράγματος
1372 2722 1488 2790 κείμενον
1507 2724 1573 2790 830

913 2812 1040 2863 τίκτειν.
1071 2809 1150 2862 τίκτει
1168 2811 1214 2878 γάρ
1233 2810 1308 2880 κάρος
1327 2807 1396 2879 ὕβριν
1415 2810 1571 2875 80101232

913 2903 1005 2966 τιμάν
1029 2900 1158 2948 (intimare
1182 2898 1246 2948 litem
1270 2898 1350 2950 indic.
1368 2896 1480 2967 (δώρων)
1506 2899 1571 2963 60,5

966 2984 1088 3051 (ἅδικίου)
1108 2987 1172 3050 603
1209 2984 1234 3050 (ό
1255 3003 1279 3038 τι
1297 2986 1347 3059 χρὴ
1363 2983 1451 3038 παθεῖν
1474 2985 1570 3056 ήάιτο-

961 3076 1050 3135 τεῖσαι)
1069 3073 1149 3136 7137
1188 3075 1245 3126 abs.
1264 3074 1349 3126 ἔπειτα
1372 3072 1447 3125 πάλιν
1470 3081 1569 3142 τιμῶσι,

963 3161 992 3213 ἂν
1011 3160 1054 3231 δέη
1068 3165 1170 3230 τιμῆσαι
1182 3160 1251 3224 826.
1262 3161 1277 3212 7
1310 3178 1379 3230 ροσε.
1392 3162 1510 3213 honorari
1520 3163 1571 3228 (διὰ

963 3252 1008 3307 τὰς
1020 3252 1141 3319 πατρικὰς
1151 3248 1234 3316 δόξας)
1245 3248 1322 3315 2939
1350 3251 1477 3302 ιιεειίιιιιιιί
1484 3251 1570 3322 (ἀρρυ-

964 3340 1026 3408 ρίου)
1045 3338 1123 3403 7433

911 3426 992 3495 τιμή.
1026 3428 1131 3493 pretium
1150 3426 1210 3488 413
1230 3424 1293 3490 513
1313 3423 1373 3488 553
1411 3424 1481 3484 ὅπως
1500 3426 1525 3479 οί
1542 3447 1569 3481 τε

962 3514 1094 3585 μυλωθροῖ
1112 3512 1174 3583 ττρδς
1192 3513 1238 3570 τάς
1255 3513 1329 3579 τιμάς
1346 3518 1398 3564 τῶν
1418 3514 1516 3585 κριθῶν
1538 3517 1570 3569 τὰ

963 3602 1056 3672 ἄλφιτα
1068 3600 1228 3672 πωλήσουσιν
1247 3602 1290 3653 καὶ
1309 3601 1332 3653 οἰ
1346 3601 1491 3672 άρτοτῶλας
1509 3603 1568 3674 πρὸς

963 3692 1007 3748 τὰς
1030 3691 1103 3754 τιμὰς
1125 3695 1178 3741 τῶν
1202 3694 1288 3758 τυρῶν
1311 3690 1370 3746 τοὺς
1393 3689 1484 3760 ἄρτους
1503 3692 1567 3759 553

962 3780 1037 3829 honor
1049 3782 1123 3847 τιμῆς
1136 3773 1192 3830 οὔτ’
1204 3774 1305 3846 ἀφελών
1318 3772 1374 3829 οὔτ’
1386 3778 1567 3850 ἐπορεξάμενος

962 3867 1024 3919 8010
1048 3865 1109 3933 123
1144 3865 1239 3934 ταδτης
1261 3869 1307 3933 τῆς
1325 3869 1399 3936 τιμῆς
1418 3867 1507 3938 ἔτυχεν
1531 3871 1568 3922 id·

965 3956 1040 4020 1434

908 4044 1027 4111 τίμημα
1050 4061 1137 4093 census
1164 4043 1211 4094 ἀνά
1234 4041 1308 4110 λόγον
1335 4043 1374 4112 τηῖ
1395 4042 1495 4112 μεγέθει
1522 4050 1567 4098 τοῦ

960 4132 1101 4200 τιμήματος
1114 4128 1247 4187 ἀποδιδοὺς
1264 4130 1311 4200 τήν
1324 4130 1406 4200 ἀρχήν
1419 4129 1462 4196 8,5
1492 4132 1566 4202 τιμή-

885 4262 887 4265 .
960 4238 1020 4288 ματι
1038 4217 1124 4272 διεῖλεν
1148 4219 1184 4275 είς
1201 4219 1307 4286 τέτταρα
1326 4220 1384 4288 γένη
1406 4217 1429 4280 7,
1441 4220 1469 4271 18
1505 4218 1566 4288 κλη·

962 4309 1046 4376 ρωτὰς
1069 4307 1098 4359 ἐκ
1121 4312 1173 4358 τῶν
1192 4307 1342 4375 τιμημάτων
1363 4307 1444 4370 930
1465 4308 1489 4360 έν
1513 4315 1566 4365 τοῖς

960 4396 992 4447 τὰ
1014 4396 1145 4464 τιμήματα
1164 4395 1345 4466 παρεχομένοις
1367 4394 1450 4461 4135
1483 4413 1568 4460 μοειιιιΙ

959 4485 1087 4535 aestimata
1106 4483 1166 4546 52‚8
1185 4482 1245 4550 573

905 4571 1030 4641 τίμησις
1048 4573 1183 4623 aestimatio
1202 4588 1295 4638 poenae
1314 4570 1469 4637 10010823
1563 4629 1566 4633 ,

905 4677 933 4710 τι
939 4660 1047 4729 μητής.
1080 4659 1146 4727 plur.
1161 4659 1242 4713 ἐὰνδὲ
1256 4660 1291 4729 μή
1306 4657 1474 4728 συμβαίνωσιν
1487 4656 1564 4728 άλλη·

958 4746 1017 4809 λοις,
1036 4749 1142 4817 τιμητὰς
1162 4746 1261 4800 ἑλέσθαι
1279 4755 1345 4818 τρεῖς
1363 4747 1482 4815 ἐκάτερσν
1501 4746 1563 4811 413

248 4836 314 4900 51,8
333 4837 412 4901 7131
452 4837 507 4905 (τήν
526 4836 643 4907 ἡσυχίαν)
667 4833 747 4896 1930
784 4832 853 4899 (τοὺς
904 4843 1055 4905 τιμωρεῖν
1086 4836 1157 4907 (υπέρ
1187 4842 1240 4888 τῶν
1267 4834 1450 4902 ἀδικουμένων)
1481 4834 1561 4898 1037

248 4922 373 4981 Λάκωνας
391 4922 612 4996 διαβεβλημένους)
633 4920 710 4986 2732

959 4922 1099 4993 (τάδελφῷ)
1119 4923 1195 4989 2139
