3510 5610
193 314 234 380 58
419 279 642 368 ARISTOTELIS
663 315 727 367 RES
747 314 893 368 PUBLIGA
913 313 1175 366 ATHENIENSIUII
1194 312 1252 366 LIII
1267 313 1335 365 2-4

244 488 444 568 γιγνώσκουσι,
469 485 522 548 κάν
546 489 597 567 μέν
622 488 799 571 ἀμφοτέροις
814 487 926 571 οἷρέσκη
942 484 978 549 τά
993 485 1160 568 γνωσθέντα
1176 486 1224 548 καί
1241 485 1419 568 ἐμμένωσιν,
1443 484 1509 572 ἔχει

245 589 327 659 τέλος
360 591 379 673 ίγ
413 589 488 675 δίκη.
534 590 568 654 οἰν
602 590 623 656 δ’
650 595 665 656 ό
699 593 797 674 ἔτερος
824 591 883 676 ἐφῇ
914 595 973 653 τῶν
1001 590 1152 653 ἀντιδίκων
1181 591 1223 660 εἰς
1249 592 1282 653 τὸ
1309 591 1508 673 δικαστήριον,

245 692 421 777 ἐμβαλόντες
442 696 493 764 τὰς
516 697 671 781 μαρτυρίας
693 697 741 760 καί
764 696 815 765 τὰς
837 696 1012 779 προκλήσεις
1035 697 1084 757 καί
1106 694 1172 763 τοὺς
1196 694 1301 774 νόμους
1320 695 1361 763 εἰς
1376 694 1507 779 ἐχίνους,

243 797 336 880 χωρίς
363 799 416 878 μὲν
442 798 494 866 τάς
519 804 569 862 τοῦ
597 803 753 867 διώκοντος
780 800 872 885 χωρίς
899 800 932 862 δέ
957 798 1008 869 τὰς
1036 803 1087 862 τοῦ
1115 798 1281 882 φεύγοντος,
1315 799 1363 863 καί
1385 797 1510 866 τούτους

209 921 224 969 5
244 903 519 985 κατασημηνάμενοι
542 905 590 967 καὶ
613 906 665 988 τίγν
688 909 793 985 γνῶσιν
817 908 867 967 τοῦ
890 905 1037 987 διαιτητοῦ
1052 903 1252 986 γεγραμμένην
1269 903 1299 965 ἐν
1315 901 1508 986 γραμματείῳ

245 1008 497 1089 προσαρτήσαντες
526 1008 717 1090 παραδιδόασι
746 995 877 1092 το[ῖ]ςδ
902 1012 962 1076 τοῖς
984 1005 1035 1088 τὴν
1058 1006 1153 1089 φυλὴν
1175 1010 1226 1069 τοῦ
1249 1006 1405 1090 φεύγοντος
1427 1006 1509 1069 δικαί·

246 1113 351 1180 ζουσιν.
440 1111 466 1171 οἱ
490 1111 522 1172 δέ
545 1110 761 1195 παραλαβόντες
782 1112 944 1195 εἰσάγουσιν
968 1110 1009 1179 εἰς
1031 1111 1063 1172 τδ
1087 1111 1282 1194 δικαστήριον,
1305 1110 1342 1173 τά
1359 1111 1410 1192 μὲν
1427 1109 1510 1177 ἐντὸς
1547 1118 1563 1172 3

244 1213 346 1296 χιλίων
369 1212 411 1280 εἰς
434 1213 484 1275 ἕνα
507 1217 555 1277 καί
577 1215 752 1293 διακοσίους,
775 1215 811 1277 τὰ
834 1214 856 1278 δ’
877 1215 949 1298 ύπέρ
972 1214 1068 1299 χιλίας
1090 1214 1131 1282 είς
1154 1214 1206 1276 ἕνα
1228 1216 1276 1277 καὶ
1292 1213 1507 1298 τετρακοσίους.

244 1315 297 1378 οὐκ
320 1313 411 1384 ἔξεστι
433 1314 455 1378 δ’
476 1315 543 1380 οὔτε
566 1315 665 1397 νόμοις
687 1317 754 1381 ούτε
778 1318 954 1401 προκλήσεσι
969 1315 1036 1381 οὔτε
1052 1317 1218 1401 μαρτυρίαις
1233 1310 1295 1380 ἀλλ’
1314 1319 1333 1401 ἢ
1349 1321 1413 1386 ταῖς
1427 1317 1509 1400 παρὰ

194 1441 224 1488 ιο
244 1425 295 1482 τοῦ
322 1421 471 1502 διαιτητοῦ
501 1423 633 1505 χρῆσθαι
659 1428 721 1491 ταῖς
744 1423 784 1491 εἰς
807 1421 874 1490 τοῦς
896 1421 1013 1507 ἐχίνους
1034 1421 1274 1507 ἐμβεβλημέναις.
1363 1422 1507 1503 διαιτηταὶ
1545 1430 1564 1485 I

244 1521 265 1586 δ’
287 1524 358 1586 εἰσίν
386 1523 429 1592 οἷς
457 1523 491 1586 ἂν
520 1524 675 1607 ἑξηκοστὸν
703 1524 767 1594 ἔτος
790 1524 825 1607 ᾖ·
859 1531 945 1589 τοῦτο
972 1526 1005 1588 δὲ
1032 1528 1119 1609 δῆλον
1143 1525 1177 1587 ἐκ
1200 1529 1257 1586 τῶν
1280 1525 1433 1610 ἀρχόντων
1458 1528 1508 1589 καὶ

243 1633 301 1690 τῶν
328 1627 500 1706 ἐπωνύμων.
546 1629 601 1692 εἰσί
628 1630 682 1714 γὰρ
710 1630 859 1712 ἐπώνυμοι
884 1629 956 1693 δέκα
979 1629 1031 1712 μὲν
1054 1629 1081 1691 οί
1103 1633 1162 1691 τῶν
1185 1631 1297 1712 φυλῶν,
1327 1629 1377 1693 δύο
1401 1631 1433 1692 δέ
1458 1631 1507 1694 καί

193 1874 202 1924 I
225 1887 385 1940 γινωισκουσι
404 1871 447 1935 L‘,
466 1890 505 1942 γιγ
524 1888 651 1939 suprascr.
671 1869 704 1924 L4
846 1889 940 1946 αρεσκη
960 1873 980 1925 L
1122 1887 1270 1940 εμμενουσιν
1290 1873 1332 1938 L',
1353 1891 1418 1927 corr.
1439 1872 1473 1926 L4

190 1959 206 2012 2
225 1958 346 2012 αντιδικω
365 1958 408 2024 L*,
428 1976 493 2013 corr.
513 1957 546 2013 L*
688 1960 705 2014 3
725 1979 797 2034 ειεχι-
817 1960 860 2028 θ’,
879 1979 943 2016 corr.
963 1961 995 2014 L‘
1138 1961 1154 2014 5
1179 1978 1270 2031 γνωσιν
1289 1962 1339 2032 leg.
1359 1963 1399 2028 BI,
1419 1963 1488 2026 Wn3
1509 1979 1565 2017 non

190 2049 297 2100 omniuo
317 2048 393 2100 video
411 2066 449 2117 γν,
471 2049 517 2101 sed
541 2067 564 2099 ω
588 2049 654 2101 satis
673 2054 771 2102 certum
791 2055 839 2103 est„
878 2057 936 2117 post
954 2067 1046 2120 γνῶσιν
1066 2051 1144 2102 etiam
1164 2068 1210 2120 την
1231 2049 1301 2101 K·W
1324 2055 1346 2115 (ί
1365 2052 1442 2116 Wn),
1469 2057 1566 2104 contra

189 2186 249 2238 pap.
387 2170 402 2224 6
422 2171 488 2242 τ(ης)
507 2134 558 2239 φυλ
576 2171 606 2238 L,
625 2187 690 2224 corr.
710 2172 792 2239 K-W,
811 2171 845 2225 al.

190 2383 276 2450 9201)
300 2397 425 2471 διαιτηταί
447 2401 507 2453 εἰσιν
530 2401 557 2452 ἐν
581 2400 618 2458 αίς
632 2396 776 2470 Ἀθήνησιν
801 2399 930 2470 είαηγοντο
949 2399 973 2452 αί
993 2399 1118 2452 ἐδιωτικαί
1137 2398 1212 2451 δίκαι.
1254 2401 1276 2453 τί
1298 2400 1325 2452 δέ
1347 2418 1413 2458 τινες
1435 2400 1473 2468 μὴ
1499 2400 1566 2453 ἐπεί·

189 2484 266 2539 θοντο
284 2495 336 2546 τοῖς
355 2487 515 2558 διαιτηθεῐσιν
533 2488 617 2546 αύτοῖς
636 2489 718 2554 (αύτοί
731 2489 825 2552 codd.),
844 2489 944 2557 εἰσῆγον
963 2487 1054 2546 αὐτούς
1072 2488 1106 2545 εἰς
1125 2487 1155 2540 τὸ
1174 2487 1333 2560 δικαστηριόν
1353 2489 1397 2540 καί
1414 2490 1484 2558 παρὰ
1504 2492 1566 2547 τοὺς

189 2574 314 2633 δικαστάς.
353 2577 462 2643 ἐγίνοντο
482 2576 508 2629 δέ
527 2577 651 2648 διαιτηταί
669 2579 759 2636 πάντες
777 2575 914 2647 Ἀθηναῖοι
937 2577 973 2634 οἰς
996 2574 1131 2646 ἑξηκοστὸν
1155 2576 1186 2646 ἐγν
1206 2577 1270 2634 ἔτος.
1307 2575 1351 2629 τόν
1374 2576 1399 2628 δέ
1423 2577 1565 2630 ἀδικοῦντα

192 2662 320 2733 διαιτητὴν
339 2664 397 2733 ἐξῆν
417 2665 589 2734 εἰσαγγέλλειν,
608 2666 651 2718 καὶ
669 2666 694 2718 εί
709 2685 746 2724 τις
760 2665 836 2732 ἑάλω,
856 2665 941 2733 ἀτιμία
954 2663 985 2734 ἠν
1004 2663 1033 2717 τό
1047 2664 1168 2730 ἐπιτίμιον
1187 2667 1253 2717 etin
1267 2665 1355 2716 LexIe.
1369 2664 1453 2717 Palm.
1474 2683 1501 2733 p.
1519 2667 1562 2717 13:

190 2751 327 2823 διαιτητής,
355 2752 491 2824 διαιτηταί·
517 2753 587 2806 ούτοι
605 2755 667 2825 ύπέρ
686 2754 809 2823 ἐξήκοντα
829 2753 873 2822 ἔτη
892 2752 1054 2823 ἐγεγόνεισαν.
1092 2753 1205 2814 ἐδίκαζον
1225 2753 1250 2805 δέ
1270 2754 1314 2811 τὰς
1333 2751 1463 2811 ἰδιωτικὰς
1482 2753 1563 2810 δίκας.

189 2842 212 2894 εἰ
230 2841 256 2893 δέ
274 2861 338 2899 τινες
356 2842 441 2901 αὺτοῖς
460 2843 599 2904 δικάζουσιν
619 2843 666 2896 ούκ
686 2843 825 2895 ἐπείθοντο.
863 2842 921 2911 ἐξῆν
941 2842 967 2893 δέ
986 2841 1092 2894 καὶτὸν
1111 2841 1239 2911 διαιτητὴν
1258 2840 1424 2911 εἰσαγγέλλειν
1448 2844 1505 2911 περί
1524 2842 1561 2893 ὧν

190 2929 288 2983 ἐδίκασε
307 2931 368 3001 (leg.
382 2931 507 3002 ἠδίκησε),
526 2933 570 2984 καί
588 2933 610 2985 εἰ
624 2931 701 2994 έάλω,
721 2932 810 3000 ἄτιμος
823 2930 925 3000 ἐγίνετο.
965 2931 1075 2997 Hesych.
1092 2929 1227 2999 διαιτηταίε
1243 2926 1383 2998 Ἀθήνησιν
1404 2930 1484 2999 ἐτεραί
1497 2950 1562 2988 τινες

190 3024 241 3070 τῶν
261 3018 396 3082 δικαστῶν,
416 3021 451 3078 οἰς
469 3022 604 3090 ἐπέτρεπον
623 3022 647 3072 οἱ
665 3020 881 3090 ἀμφισβητοῦντες
899 3020 931 3071 τὰ
949 3018 1104 3088 ἐγκλήματα,
1127 3019 1169 3070 καί
1188 3017 1260 3071 αύτοί
1282 3021 1344 3085 (Ieg.
1364 3018 1445 3084 οὗτοι)
1464 3016 1562 3092 διῄτων

190 3109 329 3173 (nonnulla
341 3110 506 3178 exciderunt)
525 3111 546 3163 εἰ
565 3109 591 3162 δέ
610 3109 655 3179 μη,
674 3110 817 3176 ἀνέπεμπον
837 3109 876 3161 ἐπί
888 3110 947 3165 τοὺς
960 3107 1086 3164 δικαστάς.
1127 3107 1151 3159 οἱ
1169 3107 1195 3159 δέ
1214 3109 1270 3179 περὶ
1288 3106 1412 3175 ἐξήκοντα
1431 3107 1475 3173 ἐτη
1490 3125 1561 3176 γεγο-

189 3196 261 3254 νότες
279 3195 382 3268 διῄτων.
419 3198 484 3251 Ροίί,
505 3198 565 3251 VIII
581 3199 630 3251 126
641 3215 697 3267 sqq.
718 3198 876 3251 Aristotelea
895 3214 952 3250 cum
972 3198 1067 3249 alienis
1087 3195 1190 3249 videtur
1207 3198 1385 3248 coniunxisse.
1425 3200 1507 3263 atque
1527 3198 1560 3248 ab

192 3285 334 3338 Aristotele
354 3287 459 3354 quidem
480 3288 544 3340 haee
565 3295 676 3355 possunt
696 3291 800 3354 sumpta
819 3302 889 3339 esse:
914 3285 961 3338 126
981 3285 1104 3355 διαιτηταὶ
1123 3281 1146 3336 δ’
1169 3286 1199 3337 ἐκ
1217 3291 1270 3336 τῶν
1290 3284 1350 3353 ὺπέρ
1369 3283 1495 3354 ἐξήκοντα
1515 3285 1559 3352 ἐτη

189 3373 329 3441 γεγονότων
348 3374 502 3445 ἐκληροῦντο
522 3378 564 3428 καί
583 3373 769 3447 ἐπεκληροῦντο
788 3375 872 3432 αὺτοῖς
891 3375 917 3427 αί
935 3374 1025 3426 δίαιται
1044 3375 1087 3425 καί
1106 3373 1192 3441 ἀτιμία
1210 3373 1338 3441 ἀφώριστο
1357 3375 1394 3442 tq]
1413 3374 1449 3442 μὴ
1464 3373 1559 3443 διαιτή-

190 3478 259 3514 σαντι
285 3463 332 3532 τἠν
360 3462 576 3535 ἐπικληρωθεῖσαν
599 3465 701 3527 δίαιταν,
731 3472 758 3516 et
779 3463 825 3516 127
846 3465 862 3533 η
882 3459 905 3516 δ’
922 3464 1004 3533 ἐφεσις
1023 3463 1107 3514 αύτῶν
1127 3463 1148 3515 εί
1167 3464 1201 3520 είς
1219 3462 1379 3532 δικαστηριόν
1398 3462 1506 3530 γένοιτο,
1525 3463 1559 3520 εἰς

189 3552 272 3621 ἐχῖνον
291 3553 336 3609 τὰς
349 3553 450 3623 ψηφους
468 3553 619 3622 ἐμβαλόντες
639 3552 687 3618 ἰδία
707 3553 825 3623 ἑκατέρας
844 3554 889 3610 τοίς
907 3557 951 3604 τοῦ
970 3553 1105 3622 φεύγοντος
1123 3553 1166 3604 καί
1185 3550 1322 3608 διώκοντος
1335 3552 1558 3619 κατεσημαίνοντο.

191 3639 301 3707 ReIIqua
320 3642 353 3692 ab
373 3641 513 3694 Aristotele
533 3658 585 3694 non
607 3643 732 3710 pendent.

277 3728 293 3779 3
321 3729 447 3796 Ηατρυττ.
475 3729 558 3803 ἐχῖνός
577 3731 627 3783 ἐστι
646 3736 692 3798 μέν
710 3731 786 3801 ἄγγος
804 3749 827 3782 τι
845 3730 879 3787 είς
898 3728 912 3781 δ
930 3731 961 3781 τά
979 3735 1136 3798 γραμματεῖα
1155 3729 1187 3779 τὰ
1205 3727 1267 3796 πρὸς
1285 3728 1329 3785 τάς
1347 3726 1419 3785 δίκας
1438 3728 1557 3782 ἐτίθεντο.

188 3813 353 3885 Δημοσθένης
371 3818 397 3868 ἐν
420 3825 457 3886 τῶ
482 3818 542 3886 πρὸς
561 3815 695 3888 Τιμόθεον.
737 3819 889 3889 μνημονεύει
914 3823 958 3870 τοῦ
982 3819 1073 3885 άγγους
1098 3816 1189 3869 τούτου
1212 3812 1452 3887 καίίίριστοτέλης
1475 3819 1502 3870 ἐν
1526 3837 1555 3889 τη

188 3900 332 3974 Ἀθηναίων
351 3904 463 3977 πολιτείᾳ
483 3947 572 3959 .....
596 3907 749 3977 (Epitomen
768 3925 851 3961 exscr.
871 3908 957 3960 Ρίιοι.Ι
977 3908 1022 3972 [ex
1047 3922 1097 3974 quo
1121 3906 1207 3974 Etym.
1227 3921 1296 3974 gen„
1322 3904 1392 3958 unde
1411 3905 1508 3974 Symeo
1532 3914 1558 3959 et

190 3992 229 4044 Et.
250 3994 281 4045 II.
300 3993 409 4059 404,53]
428 4003 453 4047 et
472 3995 597 4062 Suid.¹v).

280 4081 310 4133 12
330 4082 457 4152 Harpocr.
477 4100 497 4136 s.
512 4101 534 4135 ν.
556 4087 670 4155 στρατεία
690 4086 780 4142 ἐντοῖς
794 4086 948 4152 έπωνύμοιςι
969 4123 1058 4136 ,,...
1078 4083 1114 4140 τίς
1132 4082 1164 4153 ἠν
1182 4083 1198 4151 η
1218 4084 1245 4152 (η
1261 4083 1339 4150 Ερίτ,
1359 4097 1409 4134 om.
1424 4083 1512 4144 codd.)
1532 4084 1557 4135 ἐν

188 4176 239 4226 τοῖς
258 4169 401 4238 ἐπωνύμοις
418 4173 541 4241 στρατεία,
560 4172 705 4243 δεδήλωκεν
716 4169 892 4242 Ἀριστοτέλης
911 4169 1092 4241 ἐν’,ίθηναίων
1112 4170 1224 4238 πολιτεία
1237 4170 1326 4241 λέγων.
1351 4167 1418 4224 “elul
1431 4173 1478 4242 γάρ
1492 4173 1557 4225 ἐπῶ-

188 4277 260 4324 νυμοι
279 4257 340 4311 δέκα
359 4259 404 4327 μέν
424 4261 446 4311 οἱ
464 4266 518 4312 τῶν
537 4260 632 4330 φυλῶν,
652 4260 695 4313 δύο
715 4261 741 4313 ῦέ
761 4263 804 4313 καί
816 4262 1003 4329 τεσσαράκοντα
1021 4260 1046 4311 οἱ
1063 4265 1115 4310 τῶν
1128 4258 1241 4328 ἡλικιῶν,
1279 4260 1303 4311 οἱ
1322 4259 1348 4311 δέ
1361 4259 1453 4329 ἔφηβοι
1471 4263 1556 4331 ἐγγρα-

188 4347 292 4414 φόμενοι
303 4348 422 4418 πρότερον
433 4351 478 4415 μὲν
489 4351 523 4406 εἰς
531 4349 710 4416 λελευκωμένα
724 4356 880 4421 γραμματεῖα
893 4350 1058 4419 ἐνεγράφυντο
1073 4349 1115 4400 καί
1128 4349 1297 4417 ἐπεγράφοντο
1313 4345 1397 4404 αὺτοῖς
1410 4345 1425 4399 ό
1433 4366 1460 4400 τε
1471 4350 1557 4421 ἅρχων

188 4432 226 4500 ἐφ’
247 4433 276 4485 ού
295 4436 465 4506 ἐνεγράφησαν
484 4437 577 4508 (ἐπεγρ.
592 4439 666 4489 codd.
680 4454 744 4491 corr.
760 4438 870 4500 Bekker)
890 4439 932 4489 καὶ
951 4435 1084 4504 ἐπώνυμος
1103 4435 1116 4488 ύ
1136 4439 1173 4504 τη]
1192 4436 1304 4505 προτέρῳ
1324 4435 1373 4487 ἐτει
1392 4434 1557 4509 δεδιαιτηκὼς

188 4522 224 4586 (δέ
243 4522 374 4582 δεικτικῶς
393 4526 486 4589 τοῦδ),
505 4532 548 4577 νῦν
567 4526 593 4578 δέ
612 4526 646 4583 είς
664 4527 710 4597 την
725 4526 819 4595 βουλὴν
832 4520 1048 4595 άναγράφονται”.
1086 4527 1128 4576 καί
1148 4522 1200 4592 μετ’
1221 4522 1303 4592 ὀλίγα·
1321 4524 1455 4595 αχρῶνται
1468 4524 1494 4578 δέ
1507 4532 1557 4584 τοῖς

74 4635 77 4642 ·
188 4610 330 4678 ἐπωνύμοις
349 4614 392 4665 καί
411 4613 472 4683 πρὸς
491 4616 535 4672 τὰς
552 4615 680 4684 στρατείας
698 4616 740 4667 καί
758 4613 816 4665 όταν
833 4612 933 4683 ἡλικίαν
951 4613 1108 4679 ἐκπέμπωσι,
1127 4614 1326 4681 προσγράφουσιν
1346 4614 1394 4673 (sie
1412 4612 1502 4673 codd.;
1522 4611 1558 4671 ὡς

187 4703 322 4769 γράφουσιν
343 4703 471 4770 Εμίίοιυε,
491 4720 556 4755 corr.
572 4703 706 4766 Valesius)
725 4703 773 4754 άπδ
792 4705 857 4760 τίνος
871 4703 991 4775 ἄρχοντος
1011 4702 1145 4766 ἐπωνύμου
1165 4702 1239 4769 μέχρι
1251 4701 1317 4757 τίνος
1330 4699 1367 4752 δεῖ
1380 4700 1558 4770 στρατεύεσθαι

256 4791 337 4856 (Epit.
357 4807 440 4843 exscr.
460 4792 537 4844 Phot.
556 4800 582 4843 et
601 4792 687 4857 Suid.)
711 4821 739 4828 —
762 4792 886 4858 Harpocr.
907 4807 926 4840 s.
941 4806 964 4841 ν.
989 4789 1129 4855 ἐπῶνυμοιτ
1154 4829 1243 4841 ,,,.,
1267 4788 1344 4841 διτταί
1367 4789 1428 4841 εἰσιν
1447 4789 1470 4842 οί
1491 4789 1556 4842 ἑπιίι·

187 4896 269 4945 νυμυι,
289 4881 312 4933 οί
331 4881 376 4948 μέν
395 4880 454 4934 δέκα
474 4880 517 4932 τὸν
537 4878 651 4949 ἀριθμόν,
670 4876 712 4950 ἀφ’
733 4879 769 4932 ὧν
789 4881 814 4932 αἰ
832 4878 917 4949 φυλαί,
936 4878 1016 4948 ἐτεραι
1034 4877 1060 4929 δέ
1079 4877 1122 4930 δύο
1143 4878 1185 4929 καὶ
1197 4879 1393 4948 τεσσαράκοντα,
1411 4875 1455 4946 ἀφ’
1476 4877 1513 4930 ὧν
1532 4878 1557 4931 αί

187 4965 281 5036 ἡλικίαι
305 4970 530 5040 προσαγορεύονται
553 4975 605 5020 τῶν
629 4967 740 5021 πολιτῶν
763 4967 822 5021 καθ’
843 4968 948 5021 ἕκαστον
971 4967 1035 5032 ἐτος,
1063 4965 1112 5018 άπὸ
1135 4964 1206 5018 ὀκτὼ
1230 4968 1274 5018 καὶ
1296 4964 1358 5018 δίκα
1381 4965 1447 5018 ἐτῶν
1470 4967 1556 5039 μέχρις
