3510 5610
186 363 410 424 ναααοπυυ
1259 361 1409 452 βούλευσα
1518 363 1560 432 99

189 543 286 598 αὑτοῦ
304 544 363 598 adv.
377 545 426 598 100.
440 538 527 597 ἐνθάδ’
542 541 621 595 αιίτυῦ
641 541 702 596 8010
723 539 800 603 13,15
954 539 1066 611 βασιλείᾳ
1085 541 1115 592 fr.
1132 542 1143 593 l
1159 556 1184 608 p.
1196 538 1257 606 83,3
1285 541 1562 610 Epit.11er.p.87,1·2

188 631 369 702 αὐτοτελής.
400 634 445 691 τάς
464 632 534 689 δίκας
548 629 689 690 αὐτοτελεῖς
701 630 792 702 κρίνειν
806 628 849 693 5,9
954 631 1072 697 magistr.
1086 634 1133 681 att.
1146 628 1208 695 4,13
1643 614 1646 619 ¹

241 718 385 780 αὐτοτελεῖς
404 722 449 774 είσι
468 720 576 781 δικάζειν
597 719 658 784 57,9
901 716 1064 788 βασίλειος
1082 718 1165 784 (στοά)
1185 716 1246 783 7,13

189 808 374 880 αὐτοχειρία
393 809 473 870 41,10
902 805 1050 877 βασιλεὺς
1062 823 1108 858 rex
1118 804 1323 859 Atheniensium
1338 803 1561 873 01013ρί0110.

188 897 286 951 αὑτοῦ
306 915 330 951 ι.
343 897 434 951 ἑαυτοῦ
955 913 980 964 ρ.
994 893 1073 957 8790
1106 892 1375 946 Lacedaemoniorum
1387 891 1465 959 91,93
1484 892 1562 956 9919

189 985 334 1057 ἀφαιρεῖν
362 985 419 1051 (τὰς
446 982 585 1054 προσυίοσας
613 979 757 1047 δυσκολίας)
785 978 850 1043 38,0
956 982 1038 1047 40,10
1088 981 1226 1035 Persarum
1255 979 1390 1044 32,19.23
1437 981 1563 1048 antiquus

242 1078 315 1142 τιμῆς
332 1070 388 1126 οὔτ’
405 1072 506 1143 ἀφελὼν
521 1066 576 1124 οὔτ’
594 1068 775 1139 ἐπορεξάμενος
790 1067 850 1120 8010
955 1072 1053 1124 atticus
1081 1072 1252 1141 magistratus
1284 1069 1340 1129 4‚6.
1350 1068 1375 1120 7.
1386 1068 1411 1121 8.
1425 1069 1465 1122 16.
1475 1068 1517 1122 93.
1528 1067 1562 1120 94

246 1160 302 1226 19,4
321 1162 388 1214 med.
400 1155 853 1228 ίίυενανεΛυοίμαχονἧδημίλλοντα
956 1160 1054 1214 archon
1069 1158 1184 1230 βασιλεὺς
1202 1157 1262 1220 51,3
1282 1155 1342 1222 099
1362 1155 1421 1220 63,ss
1441 1155 1501 1223 659
1520 1156 1564 1217 06,

242 1245 412 1323 ἀποθνῄσκειν
444 1244 589 1318 Εὐμηλίδης
619 1245 736 1316 ἀφεθιετο
768 1243 851 1307 eale
957 1246 1235 1314 3.407,71)10.68,1
1271 1240 1440 1316 Ἡρακλείδης
1458 1243 1472 1296 δ
1493 1239 1561 1295 Κλα-

238 1339 343 1408 priaare
373 1335 487 1401 (τοῦτοος
521 1336 569 1405 τὴν
599 1332 737 1398 πολιτείαν)
767 1331 851 1395 3816
957 1336 1070 1404 ζομίνιος
1094 1334 1107 1388 δ
1127 1332 1248 1393 Βασιλεὺς
1266 1331 1462 1400 ἐπικαλοίυμινος
1480 1330 1562 1397 43,17

244 1429 299 1495 (τῆς
313 1424 407 1495 βουλῆς
424 1424 453 1477 τὸ
466 1423 591 1477 θανατοῦν
604 1423 648 1474 καλ
661 1423 711 1474 δεῖν
724 1422 770 1473 καί
789 1420 850 1493 χρή·
925 1424 1070 1483 ασιλικάς
1088 1422 1223 1488 (πολιτεία)
1242 1418 1322 1484 49,94

242 1529 316 1582 μασιν
336 1512 452 1583 ζημιοῦν)
473 1513 533 1577 49,3
565 1527 634 1579 pass.
649 1511 671 1563 σί
691 1510 851 1580 ἀφῃρημένοι
923 1514 1028 1583 ίβαιος
1047 1513 1106 1566 adv.
1120 1511 1210 1582 (ἔχειν)
1231 1508 1287 1573 18,1
1307 1509 1369 1574 40,5

242 1603 274 1654 τά
291 1603 354 1675 χρέα
374 1601 450 1669 15,19
924 1600 1052 1666 ελτίων,
1072 1599 1237 1670 βίλτιστος
1255 1615 1279 1649 τ.
1293 1596 1388 1666 ἀγαθός

189 1690 360 1759 ἀφανίζειν.
408 1688 500 1758 συνέβη
528 1688 587 1745 τοδς
613 1685 730 1744 Σόλωνος
757 1684 850 1752 νόμους
923 1694 987 1760 ῆμα
1006 1690 1085 1753 31,15

243 1778 361 1848 ἀφανίσαι
384 1777 430 1847 τὴν
454 1774 586 1846 τυραννίδα
610 1774 650 1826 διὰ
677 1774 706 1826 τὸ
730 1772 765 1843 μὴ
789 1777 850 1844 χρῆ·
924 1779 961 1831 ία.
995 1777 1036 1848 βίᾳ
1054 1795 1078 1829 τι
1103 1776 1178 1847 βίζεεν
1198 1774 1261 1828 8010
1282 1772 1363 1839 19,99
1401 1773 1455 1843 βίαν
1474 1792 1501 1827 τε
1521 1773 1564 1825 καί

243 1863 301 1917 σθαι
320 1865 399 1931 95,10
955 1865 1028 1935 δίκην
1042 1863 1200 1936 συναρμόσας
1218 1862 1287 1916 idem
1311 1860 1384 1924 13,17
1418 1861 1473 1930 βίαν
1493 1861 1563 1928 ἀμεί-

189 1953 343 2021 ἀφέσεμος
362 1952 467 2023 (ἡμέρα)
487 1952 548 2017 40,5
955 1972 1023 2012 νονες
1041 1954 1111 2006 idem
1133 1952 1214 2017 14,19
1252 1950 1294 2020 βία
1317 1953 1363 2019 τῆς
1380 1950 1461 2022 ἀρχῆς
1482 1949 1561 2013 14,94

190 2043 306 2112 ἄφεσις.
352 2042 395 2094 ἐὰν
424 2043 458 2112 μὴ
488 2040 664 2110 εὑρισκόμενος
692 2039 778 2109 ἄφεσιν
806 2042 851 2108 τῆς
955 2037 1133 2111 ἀνασιβσασθαι
1152 2040 1194 2112 βίρ
1212 2038 1258 2109 τὴν
1278 2038 1360 2110 ἀρχὴν
1381 2038 1457 2100 17,95

244 2130 337 2200 βουλῆς
355 2127 409 2199 ἀπῇ
427 2129 507 2192 3430
903 2128 1070 2200 βιάζεσθαι
1103 2144 1173 2198 pass.
1203 2127 1276 2197 (opp.
1293 2128 1348 2179 λίαν
1371 2124 1477 2190 ἀναθείς)
1501 2126 1563 2180 8010

190 2218 324 2289 ἀφιίναι.
355 2216 493 2278 ἀκοντίζειν
512 2216 556 2270 καλ
568 2213 733 2283 κατατάλτην
752 2213 851 2284 ἀφιίναι
958 2218 1031 2280 1911

243 2304 325 2371 44,15
371 2305 484 2372 (τοῦτον)
514 2303 580 2366 49,3
611 2301 704 2368 53,13.
718 2302 749 2352 16
795 2300 852 2366 (τὰς
903 2305 1052 2374 βίαιος(α
1037 2307 1117 2379 pm)
1136 2304 1214 2371 3895

243 2394 336 2458 πόλεις)
355 2393 420 2455 37,3
456 2392 515 2462 (τὴν
538 2391 620 2463 ἀρχὴν
641 2394 688 2459 τῆς
712 2388 851 2457 θαλάττης)
904 2393 976 2463 βίος.
1013 2394 1053 2447 διὰ
1073 2395 1127 2463 βίου
1146 2393 1193 2456 4,5
1213 2392 1310 2458 5,8δ
1297 2391 1371 2445 elai
1390 2388 1490 2462 Κρόνου
1510 2391 1562 2462 βίος

242 2483 309 2547 309
348 2478 509 2548 (Κλεομένην
536 2480 580 2531 καί
608 2480 667 2536 τοὺς
694 2474 753 2545 μετ’
773 2477 851 2529 αὐτοῦ
959 2480 998 2544 19,
1004 2482 1031 2534 11
1069 2483 1112 2534 ὲάν
1130 2499 1168 2539 τις
1186 2480 1361 2552 ἀναλογίζηται
1380 2480 1423 2533 τὸν
1442 2479 1563 2548 λκατίρου

243 2569 425 2636 ὑποσπόνδους)
436 2567 493 2634 94,1
524 2565 607 2619 absol.
619 2564 667 2617 κᾶν
678 2563 850 2633 ἀπσφδγωσιν,
956 2568 1009 2637 βίον
1030 2569 1090 2635 90,3
1125 2575 1163 2639 τῷ
1183 2569 1230 2639 βίω
1249 2566 1343 2638 θρασὺς
1361 2567 1439 2633 90,18

245 2659 387 2729 ἀφήσοντος
415 2653 480 2719 50,3
525 2658 570 2705 τοῦ
600 2655 699 2723 ἀφεῖναι
728 2655 775 2720 (σε.
804 2653 849 2723 τὴν
924 2661 997 2709 εοῦν
1026 2657 1070 2727 ἔτη
1087 2660 1222 2729 τριάκοντα
1239 2658 1283 2709 καί
1300 2658 1354 2727 τρία
1374 2655 1468 2725 βιώσας
1488 2655 1563 2719 19,98

244 2745 392 2814 ἐκκλησίαν)
411 2741 495 2812 κίιριοί
513 2742 573 2795 είσιν
592 2741 671 2805 48,10
925 2744 1104 2815 λασφημεῖν
1123 2747 1206 2799 absol.
1220 2745 1281 2810 6,90

191 2922 360 2992 ἀφιστάναι
378 2917 439 2985 (ἀπὸ
458 2923 510 2969 τῶν
529 2915 615 2970 ὅπλων
634 2920 693 2976 τοὺς
710 2936 854 2985 πσμπευον-

244 3013 302 3075 τας)
315 3008 374 3073 91,7
407 3009 468 3059 intr.
481 3005 530 3078 0οχ
547 3004 730 3059 ὑπακουόντων
750 3008 854 3060 ἐκείνων

249 3095 331 3154 οὕτως
350 3095 491 3164 ἀπέστησαν
511 3093 571 3159 30,9
600 3098 647 3164 τῆς
665 3089 806 3163 Εὑβοίας’
793 3110 855 3147 απο-

947 2921 1040 2993 ηθιια
1060 2925 1122 2987 (τῶν
1134 2919 1281 2988 Λακώνων)
1300 2920 1375 2984 99,11
1396 2921 1454 2987 40,1
1495 2919 1564 2989 plur.

959 3010 1005 3076 (είς
1023 3011 1055 3063 τὰ
1074 3011 1134 3077 reia)
1155 3011 1195 3075 19,
1197 3011 1232 3062 90

929 3095 1038 3166 οηθεῖν
1057 3099 1179 3150 absolute
1203 3098 1283 3163 99,17
1321 3097 1398 3166 (μετὰ
1420 3103 1472 3150 τῶν
1497 3100 1563 3168 τριά-

903 2656 917 2726 β

904 2745 918 2814 β

192 2832 397 2903 ἀφικνεῖσθαι
414 2830 514 2894 (93,15)
533 2831 611 2894 40,14
625 2829 699 2896 (bis).
715 2829 744 2880 17
906 2833 1031 2903 βλέπειν
1050 2834 1109 2904 (πρὸ
1111 2837 1172 2892 ’τὰ
1190 2833 1343 2903 παραυτίκα)
1362 2832 1423 2898 39,7

907 2922 942 2991 βο

907 3097 922 3166 i

246 3187 338 3257 οτάοης
369 3182 433 3247 39,0
482 3182 637 3239 ἀποστάντος
668 3181 776 3240 ἀπαντος
806 3187 851 3236 τοῦ
957 3189 1046 3250 κοντα)
1036 3186 1107 3250 ),30
1110 3185 1143 3238 93
1173 3187 1217 3257 (τη
1236 3184 1345 3256 πατρίδι)
1367 3186 1425 3251 17,3
1457 3185 1564 3252 (αὑτοῖς)

245 3273 328 3344 δήμου
346 3271 408 3342 πρὸς
426 3269 519 3327 αὐτοὺς
537 3271 598 3336 40,8
655 3311 657 3316 «
957 3275 1034 3342 39,19

193 3362 333 3432 ἀφνειός.
362 3355 444 3412 ἐλπίδ’
458 3358 526 3428 εἶχον
545 3358 638 3428 ἀφνεάν
657 3358 719 3412 8010
741 3359 817 3421 19,15
905 3361 1081 3432 βοδλεσθαι.
1099 3362 1364 3427 0.1ιιί.11,1919,14
1386 3363 1462 3426 17,90
1485 3365 1561 3428 19,14

193 3448 318 3518 ἀφορμή
338 3459 418 3513 caput.
442 3447 490 3498 κᾶν
504 3464 539 3504 τις
552 3445 694 3516 δανείσηται
707 3449 773 3517 παρά
786 3465 852 3504 τινος
958 3451 1036 3517 90,98
1060 3451 1191 3518 94,19.14
1214 3451 1274 3516 90,9
1293 3450 1353 3516 39,0
1377 3451 1455 3519 3099
1474 3451 1562 3516 38,13.

246 3536 364 3606 ἀφορμήν
384 3536 464 3600 50,10
959 3540 992 3592 93
1015 3539 1084 3604 403.
1095 3539 1129 3592 93
1151 3539 1221 3606 41,4.
1232 3538 1257 3591 5.
1268 3537 1301 3592 90
1324 3538 1386 3605 49,9
1405 3541 1501 3606 47,1.8
1519 3539 1563 3604 49,

194 3624 362 3694 ἄφρακτος.
400 3624 502 3697 (χωρία)
521 3622 599 3687 30,15
961 3628 993 3681 10
1007 3627 1068 3694 59,4
1087 3628 1165 3694 50,10
1183 3625 1314 3690 091018
1334 3626 1394 3689 63,7
1414 3628 1473 3693 04,7
1494 3628 1562 3695 75,7.

194 3713 315 3786 ἄψυχος
333 3708 408 3782 ζῴων
427 3712 495 3764 δίκαι
513 3717 565 3764 τῶν
585 3710 692 3781 ἀβΰχων
713 3710 772 3774 089
961 3717 993 3769 18
1023 3716 1046 3769 οἱ
1066 3715 1214 3785 βουλόμενοι
1234 3714 1389 3785 βλασφημεῖν
1407 3715 1467 3783 0,90
1506 3716 1563 3786 βου-

953 3802 1059 3872 λόμενος
1068 3801 1243 3873 καταλυθῆναι
1254 3803 1301 3873 τὴν
1311 3802 1404 3874 βουλὴν
1418 3803 1431 3858 δ
1442 3801 1565 3871 θεμιστο·

953 3891 1017 3962 κλῆς
1044 3891 1126 3958 98,39
1167 3890 1285 3960 elliptice
1313 3889 1369 3951 ἰξὸν
1397 3891 1468 3962 αίιτῷ
1501 3886 1563 3959 μεθ’

955 3980 1084 4050 δποτίρων
1097 3978 1215 4049 ἐβοίιλετο
1228 3977 1364 4049 [ἠβούλετο
1377 3978 1420 4031 hic
1433 3977 1466 4044 L]
1483 3977 1556 4040 11,97

195 4065 336 4127 Baetim
357 4064 429 4135 (πρὸς
446 4064 490 4117 τὸν
509 4063 589 4128 λίθον)
602 4064 680 4129 0999
711 4064 756 4127 (είς
774 4064 850 4134 dupi-
955 4069 1076 4123 absolute
1089 4065 1223 4136 ἒβοίυλοντο
1237 4069 1282 4136 ράρ
1301 4067 1345 4119 καί
1362 4072 1415 4119 τῶν
1426 4067 1561 4135 γνωρίμων

247 4155 329 4218 πολιν)
349 4153 409 4216 034
445 4153 491 4219 (εἰς
510 4153 539 4205 τὸ
558 4153 729 4224 δικαστήριον)
750 4152 810 4216 709
953 4159 997 4210 καὶ
1024 4162 1077 4208 τῶν
1100 4155 1247 4225 δημοτικῶν
1270 4155 1295 4208 oi
1317 4152 1407 4207 πολλοί
1430 4154 1512 4218 19‚18
1548 4153 1562 4205 δ

195 4244 351 4314 βακτηρία
370 4241 487 4294 iudicum
507 4244 646 4295 atticorum
667 4242 759 4307 74,5.7
781 4240 850 4300 704.
956 4243 1110 4314 βουλάμινος
1132 4245 1213 4311 quivis
1238 4242 1318 4308 10,16
1341 4241 1433 4306 30,14,
1447 4242 1478 4295 15
1497 4242 1562 4307 33,5

247 4332 298 4384 ie
318 4331 413 4395 77,1.4
433 4329 491 4395 81,1
513 4330 574 4393 893
955 4333 1014 4398 47,7

196 4419 331 4490 βάλανος
357 4429 435 4469 sareas
462 4419 543 4471 iudic.
564 4418 606 4470 καλ
631 4417 734 4488 βάλανοι
752 4418 787 4475 είς
804 4418 851 4487 τὴν
904 4419 1063 4491 βσυλείυειν
1085 4419 1208 4471 senatorio
1231 4435 1327 4470 munere
1342 4420 1421 4487 junqi
1441 4418 1501 4482 5,19
1520 4417 1565 4485 34,

249 4507 334 4579 ὑδρίαν
357 4505 524 4576 ἐμβάλλονται
552 4507 601 4559 ἴσαι
627 4514 681 4564 τοῖς
706 4505 852 4576 βακτηρίαις
958 4511 982 4562 4.
996 4511 1034 4564 10.
1049 4510 1088 4562 14.
1100 4508 1141 4562 17.
1151 4507 1193 4561 98.
1204 4505 1237 4559 39
1266 4505 1348 4569 35,16
1375 4507 1458 4574 49,13
1483 4507 1563 4571 73,ίῖ

250 4596 344 4660 74,0.7
364 4595 433 4662 75,3.
447 4596 478 4648 10
498 4594 557 4659 70,5
576 4595 672 4657 77,9.3
957 4598 1026 4650 med.
1040 4597 1177 4648 deliberare
1196 4593 1235 4659 (τδ
1254 4594 1365 4664 ἄριστον)
1384 4595 1449 4662 33,8
1485 4591 1511 4667 (ᾖ
1533 4595 1564 4647 ἀν

197 4683 358 4756 βάρβαρος.
401 4682 462 4754 πρὸς
489 4682 548 4740 τοὺς
572 4683 713 4753 βαρβάρους
736 4683 854 4750 (Persae)
959 4685 1034 4760 δοκῇ)
1053 4684 1130 4747 34,17
1167 4684 1243 4751 (μετὰ
1261 4680 1396 4751 πλειόνων)
1416 4682 1493 4749 34,13

251 4772 309 4839 97,1
907 4772 1069 4842 βοίιλευσις
1096 4771 1204 4823 insidiae
1231 4770 1314 4832 66‚13
1347 4770 1513 4835 [ναιιάυίειιια
1540 4773 1566 4823 in

197 4861 234 4931 βά
239 4876 298 4932 ρος.
335 4860 526 4928 ἀποσεισάμενοι
544 4859 573 4912 τὸ
593 4860 669 4930 βάρος
687 4859 746 4922 093
959 4860 1055 4910 tabulas
1076 4860 1186 4930 ρυδίίοαε
1202 4859 1289 4910 relatio
1306 4858 1389 4930 γραφὴ
1409 4859 1565 4929 βουλεὺσεως

198 4947 349 5018 βασιλεία.
375 4945 501 5019 Ἀθηναῖοι
513 4947 542 5000 τὸ
553 4953 599 5017 μὲν
612 4949 637 5010 ἐξ
648 4948 728 5021 ἀρχῆς
738 4948 853 5018 ἐχρῶντο
958 4947 1020 5016 70,9

1325 5033 1363 5088 ηε
