3510 5610
730 393 925 449 PRAEFATIO
1454 416 1508 450 xvrr

238 684 311 749 Tim
326 704 414 768 vero,
439 684 615 751 Famsmoe
629 685 779 769 Kmmom,
803 707 872 752 oum
888 686 983 752 finem
999 685 1082 751 faeio
1098 686 1276 772 praefandi,
1296 708 1354 771 pro
1370 687 1508 771 egregiis

153 802 230 869 Tms
253 802 416 869 benefieiis
437 804 578 870 debitam
602 805 813 888 meritamque
834 806 971 889 gratiam
987 806 1146 889 persolvo.
1181 805 1207 870 si
1230 805 1423 871 suavissima
1439 807 1508 871 Tor

129 891 273 988 'laboris
295 922 450 989 societate
472 923 591 989 diutius
613 925 658 990 uti
682 932 715 991 et
741 934 818 1008 quot
845 946 987 1010 menses,
1015 931 1063 991 tot
1089 945 1192 991 annos
1219 924 1296 989 mihi
1322 925 1508 1009 impendere

151 1041 308 1127 lieoisset,
335 1043 507 1126 perfectius
533 1050 566 1110 et
592 1045 781 1110 maturatius
803 1045 867 1110 iam
890 1067 971 1130 opus
994 1045 1192 1129 proditurum
1215 1065 1286 1112 esee
1309 1044 1409 1128 probe
1431 1045 1507 1110 seio.

152 1169 186 1226 et
201 1164 382 1246 exemplum
401 1163 576 1229 celeritatis
591 1172 688 1247 atque
703 1164 911 1250 strenuitatis,
931 1165 1016 1248 quod
1033 1167 1080 1231 To
1095 1165 1127 1230 in
1144 1164 1316 1231 Aristotele
1331 1170 1364 1231 et
1378 1165 1510 1230 Heroda

152 1282 360 1366 proposuisti,
394 1281 470 1346 mihi
497 1285 694 1366 sequendum
723 1306 795 1351 esse
823 1286 949 1369 putari,
983 1306 1047 1351 non
1074 1287 1178 1351 solum
1205 1285 1281 1368 quia
1303 1304 1389 1349 nova
1410 1304 1505 1366 (luam

151 1401 352 1469 velocissime
374 1403 480 1468 efferri
503 1404 642 1469 omnium
665 1405 806 1470 virorum
829 1406 993 1471 doetorum
1017 1406 1163 1488 interest,
1191 1404 1249 1471 sed
1275 1403 1352 1488 quia
1372 1423 1508 1470 eommo-

151 1520 260 1586 datam
287 1521 380 1605 quasi
406 1542 467 1588 oee
499 1523 661 1607 propriam
694 1544 760 1590 rem
795 1545 846 1591 me
879 1532 989 1591 tenere
1022 1524 1216 1601 existimavi,
1249 1543 1345 1608 quam
1372 1524 1508 1591 reddere

151 1648 272 1722 quanto
307 1643 395 1708 ooius
423 1642 474 1707 fas
501 1650 559 1708 est.
610 1643 696 1726 quod
729 1644 804 1708 dum
832 1643 930 1728 faoio,
964 1645 989 1709 si
1018 1644 1095 1726 quid
1127 1644 1190 1709 hae
1217 1642 1422 1709 festinatione
1455 1646 1506 1710 vei

152 1759 303 1835 omissum
327 1762 378 1826 vel
402 1760 553 1826 deiiotum
576 1768 639 1845 est,
668 1763 851 1828 ooosoletur
877 1784 936 1827 nos
963 1763 1042 1828 iliud
1065 1763 1222 1829 Seneoae:
1255 1765 1388 1826 contemti
1412 1765 1508 1826 simus

150 1880 290 1961 inseratis,
315 1882 440 1965 aliquid
460 1883 586 1944 veritati
606 1892 633 1945 ot
652 1885 766 1968 posteri
786 1882 954 1964 conseram.

213 2101 354 2167 Berolini
376 2102 422 2168 id.
439 2100 529 2187 Sept.
544 2104 907 2170 MDCOOLXXXXIII.
1118 2105 1318 2171 Hsammrms
1341 2107 1449 2171 Dmos.

200 5119 273 5168 suppl.
289 5118 354 5156 Arist.
368 5117 399 5155 ΙΙΙ
414 5114 424 5155 l
455 5120 523 5155 anon.
538 5116 605 5155 lond.
620 5117 701 5155 inerter.
