3510 5610
204 337 266 403 116

353 336 515 403 &mamb
631 355 636 363 ‘

255 511 351 582 ἡμέραν
371 512 427 578 482
468 512 629 581 ἐπιστατῖγσαι
649 509 750 578 (eodem
770 511 860 574 sensu)

256 599 303 652 οδκ
323 597 415 660 ἔξεστιν
434 599 508 652 πλίον
531 600 547 666 ἡ
567 597 633 659 άπαξ
652 598 678 651 ἐν
696 600 735 669 περ’
752 599 861 669 ἐνιαυτιζ

254 687 331 751 4821
371 691 426 758 (Τῆς
445 687 538 760 ἀρχῆς)
556 686 634 753 2025

203 776 371 845 ἐπιστάτης
384 775 447 841 (τῶν
456 776 615 844 πρυτάνεων)
628 775 770 845 4724000.
797 777 859 841 (τῶν

254 863 395 935 προέδρων)
413 862 474 927 482

201 951 403 1008 ἐπιστατικάς
422 951 526 1023 (ῘΡαφή,
550 953 618 1005 coni.
632 951 779 1023 προεδρική)
800 951 859 1016 692

201 1039 351 1109 ἐπιστολή
372 1039 438 1108 ρίυι.
453 1039 531 1104 4722

200 1126 380 1181 ἐπιστύλιον
399 1127 467 1196 μίαι.
481 1128 554 1180 loculi
570 1127 630 1194 51,9

200 1214 367 1285 ἐπιτάφιος
386 1215 478 1283 (ἀγών)
498 1216 558 1282 632

200 1302 354 1355 ἐπιτελεῖν
373 1302 469 1372 (λόγον)
493 1303 549 1368 182
586 1302 733 1368 (πολιτείαν)
751 1303 812 1369 432

199 1389 384 1460 ἐπιτήδειος.
415 1392 458 1444 τὸν
478 1390 617 1453 ἐπιτήδειον
636 1387 679 1461 ἐφ’
693 1391 787 1462 ἐκάστη
806 1397 859 1445 τῶν

252 1479 339 1548 ἀρχῶν
359 1479 418 1544 924
455 1482 487 1531 τὰ
505 1479 633 1549 ἐπιτήδεια
656 1479 736 1544 4428
772 1482 859 1533 0101.

251 1567 328 1634 νόμον
343 1567 378 1635 μή
393 1567 532 1638 ἐπιτήδειον
545 1565 624 1621 θεῖναι
637 1566 698 1631 692
726 1565 858 1632 (1ππείιειν)

251 1654 331 1718 5324
361 1655 560 1727 (προδρομείιειν)
573 1656 633 1720 532
663 1655 763 1722 superl.
777 1655 858 1722 (coni.

251 1742 383 1812 βέλτιστοι)
402 1744 462 1809 44,9

198 1830 346 1902 ἐπίτηδες
364 1833 472 1883 consulto
494 1832 551 1896 11,5
571 1831 650 1898 2120

197 1917 371 1972 ἐπιτιθέναι
394 1927 444 1971 aet.
463 1920 556 1970 addere
579 1918 651 1989 (πρὸς
669 1919 737 1974 δυοῖν
757 1920 857 1991 ὀβολοῖν

251 2005 327 2060 άλλον
341 2005 442 2076 ὀβολόν)
456 2006 516 2074 322
549 2010 670 2078 imponere
683 2004 736 2079 (ἐφ’
751 2008 859 2061 ἕκαστον

250 2095 280 2147 τὸ
293 2094 452 2165 δικαστήριον
471 2095 500 2148 τὸ
514 2097 617 2167 γράμμα
635 2096 664 2149 τδ
678 2095 766 2168 λαχόν)
779 2095 859 2162 7420

251 2184 319 2236 med.
333 2200 355 2237 ε.
369 2184 421 2236 dat.
435 2200 533 2252 operam
552 2185 612 2234 dare
631 2184 776 2254 (τυραννίδι)
798 2183 857 2247 16,3

249 2273 360 2338 impetum
372 2273 465 2338 facero
484 2272 547 2335 (τοῖς
565 2273 704 2343 τυράννοις)
722 2271 783 2338 242
814 2275 858 2343 (τῇ

250 2360 341 2430 βουλή)
361 2358 438 2426 2826

284 2446 386 2500 ἐπίθετα
400 2450 471 2516 (σμγ).
485 2447 518 2498 τὰ
529 2449 631 2519 πάτρια)
640 2449 709 2511 427.
724 2449 754 2501 18
779 2450 857 2515 privi-

248 2537 313 2605 ίερὶα
333 2536 410 2602 2829

196 2624 351 2693 ἐπιτιμᾶν.
388 2624 419 2677 τὰ
443 2623 488 2692 μίν
507 2624 671 2692 ἐπιτιμῶντες
693 2625 725 2677 τά
748 2624 774 2676 δέ
796 2625 856 2676 ἀνα·

247 2712 373 2783 κρίνοντες
394 2711 470 2774 1128
501 2710 618 2778 (τοίντοις,
637 2710 674 2764 δτι
693 2709 759 2773 κτλ.)
778 2710 856 2778 3822

194 2803 344 2871 ἐπίτιμος.
386 2801 495 2868 ἐπίτιμοι
517 2798 587 2857 ὄντες
609 2800 689 2864 (coni.
707 2797 788 2868 κΰριοι
812 2799 855 2850 καί

246 2889 429 2959 αδτοκράτορες
447 2889 544 2941 ἑαυτῶν
563 2889 607 2942 καί
625 2890 657 2940 τὰ
675 2887 760 2940 αθτιῖιν
792 2905 853 2957 καφ-

247 2978 380 3047 ποὺμενοι)
399 2976 477 3042 4024

193 3066 371 3133 ἐπιτρέπειν
395 3066 453 3133 (τήν
473 3064 598 3117 πολιτείαν
622 3062 703 3132 αθτηῖ)
723 3062 769 3126 62
794 3065 853 3116 sim.

246 3153 323 3220 3321
363 3153 418 3206 abs.
432 3152 461 3205 οδ
480 3153 587 3222 φάσκων
606 3152 747 3223 ἐπιτρέψειν
765 3151 826 3218 372

193 3243 355 3312 ἐπιτροπή,
401 3243 437 3300 είς
465 3243 600 3313 ἐπιτροπῆς
628 3241 790 3303 κατάστασιν,
818 3239 852 3298 είς

245 3331 380 3399 ἐπιτροπῆς
399 3330 553 3383 διαδικασίαν
573 3328 629 3391 652

193 3419 361 3490 ἐπίτροπος
373 3429 437 3469 tutor
446 3419 579 3488 ἐπίτροπον
589 3415 665 3469 αὑτὸν
676 3416 797 3488 ἐγγράψαι
810 3419 852 3482 65,

245 3508 297 3560 28
327 3506 395 3559 δίκαι
413 3508 478 3559 κατὰ
497 3513 549 3560 τῶν
563 3507 704 3576 ἐπιτρόπων
724 3505 784 3569 642
795 3521 851 3575 sqq.

192 3594 343 3664 ἐπιφανής
362 3595 429 3662 ρίαι.
444 3596 535 3646 nobiles
548 3595 608 3659 ·21‚5
638 3598 712 3662 (opp.
727 3592 740 3645 δ
759 3594 850 3664 δῆμος)

244 3682 323 3749 3123

192 3774 360 3844 ἐπιφέρειν.
391 3770 549 3841 (τεκμήριον)
568 3772 628 3832 421
668 3772 777 3840 (άγῶνας
796 3775 851 3844 περί

243 3867 295 3913 τῶν
314 3860 494 3930 διῳκημένων)
513 3858 591 3923 2827

191 3950 361 4022 ἐπιχειρεῖν
389 3964 411 4000 0.
429 3949 476 4000 inf.
493 3946 670 4016 ἀνασῴσασθαι
697 3948 743 4018 τήν
768 3950 849 4023 ἀρχήν

245 4035 321 4101 1725
340 4035 397 4088 sim.
415 4035 472 4099 18,3
492 4035 569 4100 2122

190 4127 445 4199 ἐπιχειροτονεῖν.
476 4124 569 4192 νόμους
582 4124 730 4194 είσήνεγκαν
749 4126 784 4184 είς
801 4125 848 4195 τήν

242 4213 335 4283 βουλήν
354 4210 398 4264 δθο
416 4211 563 4270 κελεῦοντες
576 4213 767 4284 ἐπιχειροτονεῖν
785 4214 847 4280 39,9

240 4303 295 4369 (τὰς
313 4301 393 4374 ἀρχάς
412 4301 433 4353 εί
446 4301 547 4354 δοκοῦσι
568 4299 655 4358 καλῶς
674 4300 772 4371 ἄρχειν)
785 4300 846 4367 46,9

188 4390 420 4464 ἐπιχειροτονία
438 4390 499 4453 472
519 4390 598 4453 6228
618 4388 696 4456 7124
715 4388 774 4453 722

188 4479 399 4549 ἐπιψηφίζειν.
425 4479 565 4549 ἐπάναγκες
575 4479 706 4536 εἶναιτοὺς
716 4477 846 4549 πρυτάνεις

240 4567 348 4631 (ἅπαντα
370 4568 402 4618 τά
420 4565 542 4635 λεγόμενα
564 4567 619 4637 περί
641 4571 688 4636 τῆς
707 4567 846 4639 σωτηρίας)

238 4654 315 4720 3321
354 4655 398 4707 ἕνα
416 4654 460 4707 τὸν
480 4656 665 4725 ἐπιψηφιουντα
686 4653 764 4720 3424
795 4655 847 4706 ἐπι·

239 4743 395 4814 ψηφίσαντες
413 4740 591 4813 Ἀριστομάχου
620 4742 702 4810 3529
744 4741 847 4812 γνώμας

239 4831 429 4904 ἐπιψηφίζουσιν
454 4831 503 4899 (sc.
517 4830 540 4882 οί
558 4829 719 4899 ἀποδίκται),
743 4831 785 4883 ἐάν
811 4829 848 4888 τίς

238 4939 262 4974 τι
280 4919 346 4992 δοκῇ
364 4919 459 4974 ἀδικεῖν
479 4918 554 4984 5121

1405 332 1416 385 1
1442 329 1576 387 INDEX

914 509 1117 578 ἐπονομάζειν
1136 510 1253 579 (τριττῦς)
1272 508 1349 574 2421

913 598 1071 671 ἐπορέγειν
1087 598 1154 650 med.
1166 602 1241 667 τιμῆς
1258 592 1317 650 οὔτ’
1330 597 1434 668 ἀφελὼν
1446 593 1505 651 οὔτ’
1517 598 1574 650 ἐπα·

966 685 1098 757 μιξάμενος
1118 685 1181 738 Solo
1198 685 1256 748 122

912 774 992 833 ἐπος.
1028 774 1060 827 τὰ
1078 769 1175 826 πλεῖσθ’
1197 773 1232 832 ὡς
1255 773 1314 833 ἔπος
1333 773 1409 828 είπεῖν
1434 773 1499 839 542
1538 771 1577 829 ὡς

965 859 985 914 δ’
1001 861 1060 919 ἔπος
1077 861 1154 914 είπεῖν
1168 902 1175 914 .
1189 902 1195 915 .
1210 901 1216 913 .
1229 863 1311 920 πάσας
1328 862 1388 924 662
1449 903 1452 907 .

913 948 1129 1004 ἐπτακαίδεκα
1148 949 1207 1012 23,7
1228 949 1306 1014 2823

912 1039 1094 1091 ἑπτακόσιοι
1112 1036 1191 1101 2326
1210 1035 1339 1103 282017
1360 1035 1436 1100 3921

912 1127 1070 1199 ἐπτάχους
1088 1124 1168 1191 7820

913 1215 1077 1284 έπτετηρίς
1097 1213 1158 1279 61,8

912 1303 1083 1371 ἐπωνυμία.
1129 1300 1275 1370 ἐπωνυμίαν
1302 1299 1374 1373 ἐσχιν
1404 1299 1418 1354 δ
1447 1298 1498 1353 ἀπὸ
1525 1304 1573 1353 τοῦ

964 1393 1076 1444 τυπάνου
1086 1390 1147 1456 492
1173 1389 1243 1458 plur.
1254 1389 1313 1452 (ἀπὸ
1322 1395 1376 1442 τῶν
1385 1387 1482 1451 τόπων)
1495 1387 1573 1451 1525

912 1479 1082 1548 ἐπώνυμος.
1119 1478 1165 1531 είσί
1183 1479 1229 1548 γὰρ
1249 1479 1378 1546 ἐπώνυμοι
1396 1477 1458 1530 δίκα
1477 1477 1524 1545 μέν
1549 1477 1573 1530 αί

962 1574 1015 1621 τῶν
1039 1566 1127 1637 φυλῶν
1145 1562 1388 1638 (νείιιίἜρεχθείις)
1411 1565 1456 1617 δίο
1478 1564 1506 1617 δέ
1530 1566 1574 1619 καί

961 1656 1148 1727 τετταράκοντα
1161 1655 1186 1708 οί
1194 1661 1247 1707 τῶν
1257 1653 1364 1724 ήλικιῶν
1377 1653 1444 1717 (scil.
1457 1654 1572 1706 militum

962 1745 995 1797 ab
1015 1759 1084 1797 οιιοο
1098 1743 1190 1796 XVHI
1210 1758 1295 1812 usque
1314 1743 1346 1795 ad
1362 1741 1421 1804 LX)
1439 1739 1519 1806 5822
1540 1741 1573 1793 οῖ.

963 1832 1033 1900 59,5.
1046 1832 1077 1885 13
1114 1832 1183 1900 sing.
1196 1835 1251 1901 (τῆς
1270 1829 1353 1902 φυλῆς
1371 1828 1489 1900 ἑκάστης)
1509 1828 1573 1895 522

963 1922 995 1974 σί.
1013 1920 1091 1985 5924
1122 1919 1281 1987 δέπώνυμος
1300 1916 1313 1970 δ
1331 1921 1369 1987 τῳ·
1388 1917 1502 1988 προτέρῳ
1523 1917 1574 1970 ἐτει

962 2008 1126 2080 δεδιαιτηκώς
1151 2009 1179 2075 (i.
1194 2024 1216 2060 ε.
1241 2021 1390 2074 eponymus
1414 2007 1472 2058 eius
1495 2007 1573 2068 anni,

964 2100 1041 2151 cuius
1060 2100 1131 2151 cives
1151 2096 1242 2149 arbitri
1261 2094 1379 2154 fuerunt)
1398 2092 1464 2158 59‚3
1499 2094 1572 2146 ίστα-

961 2205 1003 2240 ται
1024 2186 1041 2256 ή
1060 2185 1140 2256 στήλη
1164 2182 1212 2255 πρὸ
1237 2187 1282 2236 τοῦ
1301 2180 1482 2253 βουλευτηρίου
1500 2183 1572 2254 παρὰ

961 2276 1019 2334 τοὺς
1038 2273 1188 2342 ἐπωνὺμους
1206 2271 1267 2336 59,5

909 2363 987 2435 ἐρᾶν.
1012 2363 1217 2435 μισαέρώμενον
1228 2359 1289 2412 είναι
1300 2356 1475 2428 Πεισίστρατον
1483 2354 1574 2409 Σάλω·

963 2468 1006 2508 νος
1024 2449 1083 2502 2οε1
1121 2448 1234 2520 ἐρασθείς
1251 2452 1297 2501 τοῦ
1308 2443 1437 2517 Ἁρμοδίου
1456 2445 1536 2511 2029

909 2537 1041 2612 ἔρασθαι
1059 2556 1084 2592 ν,
1097 2539 1155 2608 ἐρᾶν

910 2627 1055 2698 ἐρανικάς
1073 2625 1161 2692 (δίκαι)
1180 2627 1238 2689 572

908 2713 1094 2786 ἐργάζεσθαι
1112 2716 1181 2780 (τοὺς
1199 2711 1300 2784 ἀγροὺς)
1319 2709 1362 2777 3,8
1381 2709 1513 2776 050192
1545 2709 1573 2761 ἐν

961 2802 1040 2875 ἀγορᾷ
1050 2802 1201 2873 βουλόμενος
1212 2799 1356 2872 ἐργάζεσθαι
1368 2798 1448 2866 5620
1478 2797 1573 2868 (μηδὲν

960 2893 1043 2962 ἐργον)
1063 2891 1123 2956 542

907 2980 1033 3052 ἐργασία
1053 2981 1122 3050 plur.
1135 2976 1291 3052 προεδάνειζε
1304 2976 1424 3048 χρήματα
1443 2973 1506 3044 πρὸς
1524 2974 1571 3033 τὰς

959 3069 1074 3138 ἐργασίας
1095 3068 1169 3135 1827

907 3158 1072 3229 ἐργάσιμυς
1091 3154 1224 3224 (μέταλλα)
1243 3155 1303 3222 502

905 3246 1036 3317 ἐργάτης
1055 3244 1123 3314 plur.
1138 3243 1264 3315 (δημόσια)
1285 3242 1362 3305 5927

905 3335 993 3406 ἐργον
1014 3332 1103 3403 (μηδὲν
1127 3329 1285 3402 ἐργάζεσθαι)
1311 3331 1374 3397 542
1414 3327 1475 3401 άπερ
1500 3329 1567 3382 ἐστίν

957 3421 1055 3493 ἀγαθοῦ
1073 3420 1175 3474 πολίτου
1199 3420 1271 3490 ἔργον
1290 3417 1372 3483 3225
1410 3418 1479 3486 ρίυτ.
1499 3417 1567 3484 ayri-

957 3511 1050 3563 οιιίιιινο
1073 3510 1130 3575 192
1168 3508 1267 3559 metalla
1286 3506 1362 3570 2021

904 3598 1011 3669 έρδειν.
1042 3597 1106 3651 ἄλλα
1125 3596 1152 3668 δ’
1166 3595 1196 3650 οὐ
1210 3598 1292 3667 μάτην
1306 3593 1390 3666 ἐερδον
1409 3592 1471 3647 Solo
1489 3593 1561 3659 1221

957 3705 980 3741 ν.
994 3688 1072 3759 ψέξειν

902 3775 1030 3847 ἐρέσθαι
1057 3774 1111 3839 (τὸν
1142 3773 1265 3843 μέλλοντα
1293 3770 1463 3843 κληροῦσθαι,
1491 3779 1563 3823 ποῖον

954 3864 1026 3923 τέλος
1035 3863 1112 3930 τελεῖ)
1123 3863 1166 3929 92
1194 3863 1227 3927 (τί
1237 3861 1345 3931 γίγνεται
1357 3860 1387 3913 ἐκ
1397 3863 1443 3912 τοῦ
1453 3858 1562 3932 χωρίου)

959 3955 1016 4019 192

902 4040 1025 4112 ἔρημος.
1061 4038 1130 4097 ὅπως
1150 4036 1246 4110 μηδένα
1263 4034 1331 4106 λάθῃ
1350 4034 1429 4106 μηδέν
1447 4040 1494 4102 (sc.
1508 4042 1561 4089 τῶν

954 4129 1059 4200 κλήρων
1077 4126 1121 4180 καί
1139 4124 1296 4196 ἐπικλήρων)
1315 4124 1409 4196 ἔρημον
1429 4124 1563 4195 γενόμενον

953 4217 1014 4278 47,3

900 4305 1024 4375 ἑρκεῖος
1043 4301 1129 4369 (Ζεὺς)
1150 4301 1227 4359 6222

899 4390 1049 4463 ἔρχεσθαι
1071 4407 1123 4444 αυτ.
1144 4389 1227 4443 ἐλθεῖν
1246 4386 1298 4460 (ἐφ’
1313 4389 1471 4463 ἀρπαγαῖσιν)
1497 4388 1559 4442 Solo

954 4480 1034 4545 1225
1071 4479 1116 4543 (είς
1129 4474 1276 4551 Ἐρέτριαν)
1303 4478 1382 4542 1724
1420 4476 1492 4547 (πρὸς
1518 4476 1560 4530 τδν

953 4565 1138 4636 Πεισίστρατον)
1166 4565 1229 4629 18,8
1274 4562 1346 4638 (παρ’
1364 4565 1451 4629 αὐτόν)
1474 4564 1559 4633 3024

952 4656 997 4718 (τίς
1015 4656 1062 4725 τὴν
1076 4652 1225 4725 ἐκκλησίαν)
1238 4653 1297 4719 372
1317 4653 1374 4706 abs.
1387 4652 1463 4717 3921
1480 4652 1558 4719 4027

953 4744 1015 4810 782
1064 4743 1208 4810 ιιιοίαρίιοι.
1230 4740 1303 4815 (πρὸς
1329 4741 1359 4795 τὸ
1386 4741 1558 4811 δημαγωγεῖν)

953 4831 1010 4896 302
1042 4831 1069 4883 αί
1086 4834 1132 4900 τῆς
1146 4829 1236 4900 βουλῆς
1250 4828 1341 4901 κρίσεις
1360 4829 1395 4887 είς
1413 4829 1458 4882 τὸν
1477 4828 1556 4900 δῆμον

954 4917 1104 4989 ἐληλδθασιν
1123 4917 1200 4983 4321
