3510 5610
399 1393 653 1460 FRAGMENTA
677 1394 935 1460 DEPERDITAE
959 1395 1106 1460 PARTIS
1129 1395 1283 1462 PRlllAE

826 1621 852 1682 1.

289 1756 371 1843 Epir.
395 1755 568 1820 Heraclidis
593 1757 625 1818 l:
670 1753 827 1838 Ἀθηναῖοι
855 1758 887 1820 πθ
914 1759 967 1840 μὲν
994 1757 1024 1828 ἐξ
1050 1758 1147 1843 ἀρχῆς
1169 1756 1299 1841 ἐχρῶντο
1323 1758 1465 1842 βασιλείᾳ,

204 1861 430 1944 συνοικήσαντος
452 1859 485 1922 δὲ
501 1856 604 1927 Ἴωνος
631 1857 737 1927 αύτούς
759 1858 824 1924 τύτε
846 1866 962 1944 πρῶτον
980 1858 1082 1929 Ἴωνες
1108 1861 1288 1945 ἐκλήθησαν.
1332 1858 1465 1924 Πανδίων

168 1965 234 2032 εδὲ
258 1964 430 2048 βασιλεύσας
454 1962 526 2046 μετὰ
543 1960 691 2047 Ἐρεχθέα
714 1962 839 2046 διένειμε
862 1967 913 2048 τὴν
937 1966 1033 2050 ἀρχὴν
1056 1968 1115 2033 τοῖς
1138 1967 1220 2033 υἱοῖς.
1250 1965 1298 2028 καὶ
1321 1964 1464 2028 διετέλουν

202 2066 282 2131 ούται
305 2069 515 2138 στασιάζοντες.

288 2169 515 2255 Harpocration
535 2166 690 2231 Ἀπόλλων
712 2174 861 2254 ποτρῴοςς
885 2171 901 2233 ύ
920 2170 1036 2239 Πύθιος.
1076 2171 1255 2255 προσηγορία
1278 2171 1317 2240 τίς
1334 2171 1397 2234 ἐστι
1412 2177 1463 2235 τοῦ

202 2275 284 2353 θεοῦ,
318 2277 434 2336 πολλῶν
468 2273 515 2334 καὶ
549 2270 646 2335 ἄλλων
680 2273 786 2337 οὐσῶν.
839 2275 887 2337 τὸν
921 2277 953 2338 δὲ
977 2273 1158 2339 Ἀπόλλωνα
1191 2279 1297 2344 κοινῶς
1327 2281 1465 2362 πατρῷον

200 2382 322 2458 τιμῶσιν
342 2370 502 2457 Ἀθηναῖοι
525 2375 583 2438 ἀπὸ
600 2373 716 2445 Ἴωνος·
750 2377 853 2440 τούτου
880 2378 934 2460 γὰρ
962 2375 1213 2463 <συν>οικῃσαντος
1241 2378 1292 2461 τὴν
1312 2377 1463 2463 Ἀττικήν,

151 2500 181 2547 ιο
200 2484 240 2549 ῶς
264 2479 473 2563 Ἀριστοτέλης
507 2478 588 2562 φησί,
622 2479 689 2547 τούς
719 2478 896 2563 Ἀθηναίους
922 2479 1027 2548 Ἴωνας
1060 2482 1206 2565 κληθῆναι
1240 2483 1289 2544 καὶ
1318 2479 1462 2545 Ἀπόλλω

200 2589 336 2668 πατρῷον
353 2583 450 2651 αὐτοῖς
466 2582 677 2664 ὀνομασθῆναι.
709 2581 782 2646 Lox.
801 2582 897 2647 Bclrlr.
915 2584 1061 2667 quintum
1084 2607 1108 2648 s.
1127 2605 1155 2648 v.
1172 2585 1293 2668 πάτριος
1306 2581 1461 2648 Ἀπόλλων

198 2687 269 2770 (ΒΑ
285 2686 411 2769 292,3);
436 2734 442 2748 .
461 2734 468 2750 .
486 2735 493 2748 .
512 2735 518 2748 .
542 2685 561 2767 ἢ
584 2683 629 2747 ύτι
641 2683 796 2749 Ἀπόλλων
817 2688 908 2768 μιγεὶς
926 2684 1062 2770 Κρεούσῃ
1087 2691 1122 2768 τῇ
1145 2687 1267 2770 θυγατρὶ
1284 2685 1460 2771 Ἐρεχθέως

199 2788 351 2872 ἐγέννησεν
373 2791 421 2850 τὸν
437 2785 537 2859 Ἴωνα,
561 2786 607 2872 ἀφ’
638 2788 672 2852 ού
682 2786 795 2864 Ἴωνες,
817 2792 865 2853 κοιλ
888 2791 935 2854 διὰ
957 2795 1042 2854 τοῦτο
1059 2792 1176 2875 πάτριός
1199 2792 1276 2854 ἐστιν
1292 2787 1460 2873 Ἀθηναίοις

199 2886 390 2957 ύἈπύλλων.
415 2890 460 2954 Ex
477 2891 585 2956 codem
601 2891 701 2956 lexico
718 2892 790 2957 Lox.
803 2893 904 2957 Palm.
921 2914 951 2978 p.
966 2894 1027 2958 143
1044 2899 1179 2978 πατρῷος
1191 2892 1360 2958 Ἀπόλλωνι
1377 2891 1459 2962 ούιος

148 3016 177 3065 15
194 2988 356 3079 Ἀθήνησιν
379 2995 508 3077 ἐτιμᾶτο,
536 2995 637 3078 ἐπειδὴ
658 2994 812 3060 Ἀπύλλων
836 2997 1043 3080 συγγενόμενος
1066 2995 1204 3080 Κρεούσῃ
1228 3003 1264 3079 τῇ
1285 2994 1460 3082 Ἐρεχθέως

197 3100 349 3182 ἐγέννησεν
365 3089 466 3173 Ἴωνα,
489 3090 539 3180 ἀφ’
563 3096 598 3161 ού
616 3095 728 3174 Ἴωνες,
751 3106 783 3164 et
802 3098 906 3165 Schol.
923 3100 1002 3164 Plat.
1019 3101 1153 3182 Euthyd.
1169 3099 1231 3164 30⁶2
1248 3100 1283 3164 C:
1304 3098 1458 3163 Ἀπόλλων

197 3201 346 3287 πατρῷος]
371 3249 463 3264 .....
489 3202 516 3263 οἱ
545 3202 577 3264 δὲ
599 3200 643 3263 ὅτι
665 3199 804 3285 Κρεούσῃ
832 3208 869 3286 τῇ
890 3200 1064 3289 Ἐρεχθέως
1088 3205 1179 3286 μιγεὶς
1199 3201 1352 3267 Ἀπόλλων
1370 3199 1458 3267 Ἴωνα

195 3306 356 3388 ἐγέννησεν,
380 3298 430 3387 ἀφ’
448 3303 482 3367 ού
505 3306 552 3368 καὶ
576 3300 642 3371 τοὺς
655 3303 832 3388 Ἀθηναίους
855 3309 925 3369 ποτὲ
935 3304 1041 3374 Ἴωνας
1063 3310 1209 3391 κληθῆναι
1232 3307 1281 3370 καὶ
1304 3306 1351 3370 διὰ
1370 3310 1460 3370 ταῦτα

196 3415 331 3493 πατρῷον
348 3407 453 3476 αὐτοὺς
465 3405 639 3470 Ἀπόλλωνα
655 3405 744 3491 ἔχειν.
775 3408 877 3474 Schol.
895 3411 989 3473 Arist.
1008 3411 1065 3475 Av.
1084 3410 1164 3474 1527
1184 3413 1319 3493 πατρῷον
1335 3414 1457 3491 τιμῶσιν

141 3530 177 3576 ‘20
191 3507 373 3575 Ἀπόλλωνα
392 3504 562 3593 Ἀθηναῖοι,
591 3512 655 3575 ἐπεὶ
672 3509 742 3576 Ἴων
769 3515 785 3577 ύ
808 3513 995 3599 πολέμαρχος
1017 3507 1189 3596 Ἀθηναίων
1216 3514 1246 3583 ἐξ
1265 3512 1458 3582 Ἀπόλλωνος

193 3615 242 3678 καὶ
258 3611 409 3698 Κρεούσης
425 3620 475 3698 τῆς
493 3614 610 3678 Ξούθου
631 3615 790 3701 <γυναικύς>
810 3617 933 3700 ἐγένετο.
972 3616 1455 3684 cf.Bel‹k.An.·291=Schol.
1496 3628 1500 3634 ’

192 3718 272 3783 Plat.
291 3719 475 3804 Euthydam.

807 3961 836 4025 2.

274 4098 434 4162 Plutarch.
461 4098 551 4161 Thea.
575 4099 616 4160 25
649 4095 691 4160 ἔτι
724 4098 757 4160 δὲ
791 4101 901 4180 μᾶλλον
935 4097 1058 4178 αὐξῆσαι
1088 4101 1139 4182 τὴν
1169 4099 1251 4163 πόλιν
1279 4099 1454 4184 βουλόμενος

137 4222 169 4271 ‘25
190 4202 290 4265 ἐκάλει
312 4205 421 4270 πάντας
443 4202 500 4265 ἐπὶ
522 4206 595 4270 τοῖς
619 4199 721 4283 ἴσοις,
744 4203 794 4265 καὶ
816 4202 848 4264 τὸ
866 4200 967 4284 “osip'
990 4201 1032 4264 ἴτε
1054 4203 1158 4271 παντες
1181 4200 1263 4288 λεῴ”
1292 4204 1454 4287 κήρυγμα

190 4304 313 4389 Θησέως
335 4303 471 4387 γενέσθαι
495 4307 566 4388 φασὶ
589 4305 752 4389 πανδημίαν
774 4328 835 4368 τινα
859 4305 1060 4372 καθιστάντος.
1105 4305 1140 4368 ού
1164 4307 1221 4390 μὴν
1242 4305 1365 4369 ἄτακτον
1386 4307 1453 4371 οὐδὲ

190 4409 368 4493 μεμιγμένην
402 4411 544 4492 περιεῖδεν
578 4409 634 4472 ύπθ
668 4410 801 4494 πλήθους
834 4409 1025 4493 ἐπιχυθέντος
1059 4409 1177 4491 ἀκρίτου
1209 4409 1366 4494 γενομένην
1400 4412 1453 4494 τὴν

133 4652 208 4706 3θα
231 4652 371 4706 Heraclida
397 4652 457 4704 vido
482 4668 507 4719 p.
525 4652 571 4704 Sl:
602 4652 644 4703 hic
672 4653 767 4705 citatur
789 4653 895 4704 initium
919 4659 949 4704 ut
973 4658 1139 4719 comparetur
1162 4669 1219 4705 cum
1244 4653 1331 4707 verbis
1358 4654 1504 4722 Harpocra-

132 4743 214 4795 tionis
321 4741 336 4792 4
351 4741 558 4808 συνοικήσαντος]
573 4740 722 4808 οἰκήσαντος
740 4739 826 4804 codo,
845 4741 891 4791 sod
913 4742 945 4791 rs.
960 4740 1061 4792 Heracl.
1076 4747 1103 4792 ot
1117 4743 1197 4793 Arist.
1217 4757 1238 4793 c.
1252 4741 1313 4792 XLI
1332 4746 1367 4810 (p.
1381 4741 1469 4806 4:¹31)

133 4829 168 4880 20
185 4827 355 4900 πολίμαρχος]
376 4830 408 4880 cl.
428 4831 510 4880 Arist.
531 4846 552 4880 c.
566 4828 601 4880 lll
624 4833 659 4896 (p.
674 4828 727 4892 4,3)
887 4829 921 4879 '2⁴
940 4830 1056 4881 'l'hosrus
1246 4829 1279 4881 25
1298 4829 1339 4882 ἐπὶ
1357 4839 1409 4889 τοῖς
1429 4830 1504 4897 ἴσοις]

133 4916 166 4970 cf.
179 4914 282 4969 Haracl.
300 4918 310 4968 l
327 4916 424 4987 Θησεὺς
443 4916 468 4968 δὲ
487 4917 621 4986 ἐκήρυξε
641 4917 685 4970 καὶ
698 4916 842 4987 συνιβίβασε
857 4916 960 4974 τούτους
980 4914 1025 4970 ἐπ’
1047 4917 1096 4989 ἴσῃ
1117 4919 1169 4968 καὶ
1189 4915 1282 4986 ὁμοία

1267 5021 1301 5074 6*
