3510 5610
194 324 237 392 94
345 325 568 409 ἀναγιγνώσκειν
1393 318 1405 373 1
1433 317 1564 373 INDEX

246 497 404 570 (ψήφισμαή
419 499 496 566 νόμον
509 497 525 569 ἡ
536 498 673 568 μαρτυρίαν
687 498 852 568 ήσίνμβολον)
958 499 986 550 in
1010 495 1100 549 Solon.
1118 494 1170 565 leg.
1191 494 1250 562 103
1295 494 1473 565 (ἀναλώματα)
1499 495 1562 560 643

246 585 306 655 193
337 587 486 658 γραμματέα
504 586 547 639 τὸν
560 586 766 656 ἀναγνωσόμενον
783 585 855 656 αδτιηῖ
958 600 1029 652 ροσε.
1040 583 1086 650 (είς
1107 581 1137 636 τδ
1155 581 1223 649 δίον)
1241 582 1321 652 34118
1356 584 1487 638 translate
1505 584 1567 636 ἀνα-

246 677 295 746 (τιγῑ
315 674 401 745 δήμῳ)
422 675 481 740 613
957 671 1088 726 λίσιιεσθαι
1114 672 1173 729 τοὺς
1195 671 1312 729 ἐπιεικεῖς
1338 671 1382 724 καὶ
1409 675 1454 725 τοῦ
1482 670 1568 743 δήμου

192 760 384 832 ἀναγκάζειν
396 779 418 815 c.
432 763 479 815 inf.
493 761 570 829 5532
601 779 671 831 μακε.
685 763 854 832 (καταστῆσαι
958 761 1002 813 καί
1020 765 1073 812 τῶν
1091 757 1206 832 είιπάρων
1225 757 1302 822 2931

245 850 293 920 τὴν
312 851 352 904 ίπί
370 856 423 903 τῶν
436 851 606 922 τετρακοσίων
618 850 755 917 πολιτείαν)
775 851 854 916 3230
905 844 1148 917 ἀναλογίζεσθαι
1167 845 1219 910 (τὸν
1238 846 1359 917 ίκατίρου
1378 847 1443 917 βίον)
1463 848 1526 914 203

246 941 408 1008 (χειροτονεῖν
427 940 474 1008 τὴν
494 939 650 1012 ὀλιγαρχίαν)
669 938 748 1005 3135
905 937 1067 1007 ἀνάλογος.
1086 934 1209 1004 ἀνάλογον
1228 934 1333 998 (melius
1352 935 1400 990 ἀνά
1418 936 1506 1005 λόγον)
1524 940 1566 1006 τιγῑ

192 1024 365 1093 ἀναγκαῖος
387 1027 507 1078 molestus.
552 1028 613 1084 τοὺς
640 1027 779 1098 ἀναγκαίης
805 1025 854 1080 δπδ
957 1021 1058 1093 μίγεθει
1070 1027 1115 1076 τοῦ
1125 1023 1267 1091 τιμήματος
1277 1022 1409 1082 ἀποδιδοὺς
1421 1024 1469 1095 τήν
1482 1025 1567 1097 ἀρχήν

244 1118 343 1184 χρειοῠς
361 1113 486 1182 φυγόντας
499 1113 561 1168 8010
583 1113 659 1180 1332
691 1117 852 1168 necessarius.
957 1112 1000 1178 8,5

245 1200 382 1270 ἀναγκαῖον
402 1218 423 1254 0.
437 1202 485 1255 ἰαί.
498 1202 559 1269 483
578 1202 639 1268 52,3
659 1202 718 1268 593
739 1202 799 1269 16,6
903 1200 1052 1269 ἀνάλωμα
1071 1199 1148 1262 2634
1168 1198 1234 1267 plur.
1254 1200 1317 1266 643

190 1287 310 1358 ἀνάγκη
331 1304 352 1341 ε.
366 1305 419 1342 acc.
433 1305 455 1342 0.
468 1291 516 1343 inf.
536 1289 599 1356 11,3
625 1290 744 1350 51336
769 1289 852 1352 5938
904 1288 1137 1357 ἀναμειγνδναε.
1167 1285 1299 1355 ἀναμεάαι
1312 1285 1465 1357 βουλόμενος
1485 1288 1566 1354 2432

244 1375 323 1442 6230
354 1378 380 1429 ίν
399 1384 453 1435 ταῖς
465 1378 587 1449 ἀνάγκαις
605 1381 630 1430 in
648 1380 773 1430 tormentis
791 1377 852 1436 21,5
904 1377 1086 1444 ἀναμίσγειν
1100 1391 1169 1442 pass.
1183 1375 1329 1430 συνέπιπτεν
1341 1373 1524 1446 ἀναμίσγεσθαι
1536 1376 1567 1429 τὸ

190 1463 395 1536 ἀναγορείιειν
418 1469 480 1529 (τῶν
500 1465 601 1537 δήμων)
620 1466 683 1530 253
722 1465 748 1532 (δ
771 1466 851 1536 κῆρυξ
956 1462 1055 1534 πλῆθος
1073 1464 1151 1529 2438

245 1551 289 1603 τδν
304 1548 411 1621 ἀριθμὸν
426 1559 479 1605 τῶν
489 1554 596 1624 ψήφων)
607 1553 668 1620 823
692 1569 763 1621 ροσε.
773 1553 851 1620 1131
904 1552 1184 1622 ἀναμφισβήτητος
1196 1550 1258 1619 383

192 1640 440 1710 ἀναγράφειν(τά
459 1639 560 1710 θέσμια)
580 1642 641 1707 439
673 1643 742 1707 (τοὺς
759 1641 852 1709 νόμους
903 1639 1110 1711 ἀναπληροῦν.
1143 1639 1233 1710 ήμνᾶ
1251 1639 1374 1711 πρότερον
1392 1639 1488 1713 ίχουσα
1506 1658 1567 1695 στα-

243 1727 277 1784 είς
304 1727 364 1785 τοὺς
391 1728 501 1798 κύρβεις)
524 1729 589 1793 133
612 1731 644 1783 ef.
657 1729 741 1795 4235
793 1729 850 1798 (τὴν
956 1726 1022 1796 θμδν
1045 1728 1223 1798 ἐβδομήκοντα
1249 1725 1364 1800 δραχμάς
1391 1728 1567 1801 ἀνεπληρώθη

244 1813 381 1881 πολιτείαν)
400 1817 466 1882 343
502 1816 583 1884 (τάδε)
602 1816 668 1882 343
705 1817 761 1885 (τήν
780 1815 850 1869 πολι·
955 1823 1009 1874 ταῖς
1027 1816 1120 1870 ἑκατόν
1141 1814 1217 1881 1133

243 1903 322 1971 τείαν)
335 1903 412 1966 3431
427 1904 506 1970 3538
536 1906 578 1968 (τά
595 1904 654 1975 τέλη
674 1906 705 1957 τά
724 1905 851 1962 είςίνιαυ-
903 1905 1062 1957 ἀνάπτειν.
1100 1903 1158 1972 (τὴν
1180 1902 1261 1955 αίτίαν
1286 1907 1331 1972 τῆς
1350 1905 1464 1964 στάσεως
1488 1905 1568 1960 πλου·

243 1989 287 2043 τάν
310 1993 456 2061 πεπραμένα
479 1993 513 2049 είς
536 1992 713 2060 λελιυκωμίνα
737 2010 850 2062 γραμμα-
955 1993 1025 2055 οίοις)
1044 1991 1104 2057 636

244 2078 309 2143 τεῖα)
338 2078 420 2145 5033
451 2080 514 2148 1(οδε
543 2081 580 2134 δεῖ
607 2082 674 2133 κατά
700 2082 850 2152 πρυτανείαν
903 2079 1044 2151 ἀναρχία.
1082 2079 1203 2149 ἀναρχίαν
1222 2079 1341 2150 ἐποίησαν
1361 2078 1439 2139 1433

239 2161 355 2236 ’ἑκάστην
368 2167 537 2236 καταβάλλειν
556 2169 590 2226 είς
608 2168 670 2221 δέκα
682 2171 851 2238 γραμματεῖα)
903 2165 1084 2237 ἀνασώζειν.
1126 2168 1192 2220 med.
1210 2185 1356 2233 recuperare
1384 2168 1440 2237 (τἠν
1470 2168 1569 2241 ἀρχήν)

243 2253 326 2316 5034
363 2254 406 2320 (τά
424 2256 507 2325 χωρία
531 2257 574 2309 καί
593 2258 637 2315 τάς
657 2257 748 2322 οἰκίας)
768 2255 849 2318 5031
959 2255 1034 2320 1135

244 2343 300 2408 (τὰς
323 2340 458 2409 μισθώσεις
480 2349 532 2395 τών
555 2350 667 2412 τεμενῶν
692 2347 718 2398 ἐν
736 2362 851 2416 γραμμα-
903 2343 1137 2415 ἀναταράσσειν.
1169 2342 1308 2415 ἀνταράξας
1321 2349 1380 2413 πῖαρ
1393 2342 1487 2404 ἐξεῖλεν
1501 2345 1569 2413 γάλα

243 2430 318 2487 τείοις
340 2428 549 2500 λελευκωμένοις)
570 2432 634 2499 513
680 2432 722 2496 (τά
743 2430 851 2500 δημόσια
956 2432 1116 2496 80101436

241 2524 293 2575 τοῖς
316 2516 491 2583 θεσμοθέταις)
515 2518 595 2585 5231
635 2535 706 2587 pass.
726 2515 849 2586 (τοῦνομα
902 2519 1084 2574 ἀνατιθέναι
1102 2520 1257 2592 (ἀνδριάντα)
1280 2521 1345 2582 136
1370 2518 1435 2580 63,3
1477 2516 1565 2589 (τήνδ’

244 2608 289 2657 τοῦ
303 2605 436 2676 ἄρχοντος)
450 2607 527 2672 6134
564 2608 609 2671 (είς
627 2606 721 2676 στήλην
740 2606 850 2676 χαλκῆν)
955 2606 1065 2678 ἀνέθηκε
1084 2606 1161 2674 θεοῖς)
1181 2611 1265 2678 epigr.
1279 2607 1340 2672 833
1377 2623 1449 2676 pass·
1465 2608 1568 2662 ἀνάκει·

244 2694 305 2759 593
325 2694 408 2759 6034
445 2702 602 2765 γραμματεῖα
620 2696 687 2747 κατὰ
709 2696 755 2752 τὰς
772 2713 850 2747 κατα·
955 2716 995 2750 ται
1015 2696 1093 2749 ιίκών
1111 2697 1169 2759 831

245 2780 321 2850 βολάς
340 2782 547 2854 ἀναγεγραμμένα
565 2783 626 2849 513
903 2784 1071 2856 ἀναφίρειν
1089 2787 1143 2849 (τὰς
1163 2785 1269 2842 ἐκτίσεις
1287 2785 1321 2842 ε1ς
1339 2783 1422 2847 πάλιν)
1447 2783 1505 2848 10,6

191 2868 363 2928 ἀνάδαστος
402 2872 479 2923 denuo
511 2871 603 2922 ἀίοὶειιε
634 2871 736 2938 (πάντα)
769 2869 850 2934 1135
904 2872 1054 2926 ἁνδάνειν.
1094 2873 1186 2932 ἀτοῐς
1208 2872 1351 2925 ίναντίοισεν
1370 2871 1479 2941 ήνδανεν
1499 2872 1564 2926 8010

243 2957 338 3026 (χώρα)
357 2957 435 3026 4233
957 2960 1014 3024 14,3
1051 2960 1150 3013 ἁνδάνει
1174 2962 1215 3031 βία
1237 2979 1262 3013 τι
1285 2959 1360 3031 βάζειν
1383 2961 1454 3012 idem
1481 2960 1564 3025 1232

190 3042 338 3115 ἀνάθημα
357 3046 425 3114 plur.
444 3046 505 3114 8,10
902 3048 1149 3120 ἀνδραποδιστής
1169 3051 1236 3118 plur.
1249 3050 1329 3116 (coni.
1342 3047 1457 3112 κλέπται,
1475 3047 1563 3101 λωπο-

190 3139 329 3206 ἀναιρεῖν
347 3138 390 3200 (τά
404 3133 481 3202 ὅπλα)
498 3135 555 3200 18,ss
586 3133 681 3202 (ὅρους)
695 3133 756 3187 8010
772 3133 832 3198 13,8
954 3137 1037 3203 δώται)
1057 3137 1136 3201 5534

242 3225 298 3290 (τὰς
311 3231 363 3277 τῶν
381 3222 535 3295 παρανόμων
549 3224 644 3293 γραφάς
656 3222 756 3280 καὶτὰς
769 3223 849 3291 είσαγ-
902 3225 1104 3297 ἀνδράποδον.
1128 3224 1293 3295 ἀνδραπόδων
1311 3224 1378 3277 δίκαι
1397 3225 1455 3290 513

242 3311 324 3382 γελίαε
342 3312 387 3364 καί
404 3312 449 3369 τὰς
467 3309 644 3380 προσκλήσεις)
662 3309 744 3376 3333
782 3310 849 3375 (τοδε
901 3314 1050 3384 ἀνδρεῖος.
1080 3330 1194 3381 compar.
1207 3312 1374 3383 ἀνδρειότερος
1388 3313 1466 3383 (opp.
1476 3315 1561 3383 σοφώ·

242 3401 412 3470 συκοφάντας)
432 3398 491 3463 383
529 3399 599 3466 (τοὺς
617 3398 751 3460 ἀναιτίους)
771 3398 846 3459 2131
953 3405 1034 3473 τερος)
1057 3402 1113 3464 163
1134 3402 1191 3466 113

243 3487 371 3552 (πολλοὺς)
400 3487 482 3554 2139
512 3486 592 3552 2831
634 3486 739 3556 (χιλίους
761 3504 848 3538 πεντα-
901 3491 1027 3561 ἀνδριάς
1046 3492 1174 3561 (χρυσοῦς)
1193 3490 1254 3556 136
1274 3488 1334 3552 633

245 3576 355 3638 κοσίαυς)
383 3577 465 3641 3834
492 3575 558 3638 423
602 3591 671 3644 pass.
694 3572 805 3643 ἀνηρίθη
835 3573 848 3625 δ
901 3580 1059 3648 ἀνερωτᾶν
1079 3581 1107 3630 in
1125 3579 1222 3631 iudicio
1242 3576 1320 3639 6234

242 3661 380 3734 Ἐφιάλτης
393 3663 453 3726 293
473 3663 505 3715 cf.
518 3662 596 3727 3936
633 3665 722 3728 effem
741 3664 810 3726 (τοὺς
823 3663 849 3713 ἐν
901 3667 972 3719 ἀνευ
992 3682 1080 3735 praep.
1095 3683 1115 3719 0.
1131 3683 1191 3736 gen.
1204 3665 1264 3731 343
1283 3666 1360 3728 4131
1380 3667 1441 3731 493

238 3760 293 3809 ταῖς
311 3750 376 3810 δδοῖς
395 3751 613 3820 ἀπογιγνομένους)
632 3750 710 3813 5436
747 3769 847 3820 respon·
901 3756 987 3825 ἀνήρ,
1005 3755 1094 3823 ἀνδρὸς
1103 3751 1213 3825 Ἀργείου
1226 3753 1285 3818 203
1306 3752 1475 3823 φιλοκτήμων
1495 3754 1559 3824 ἀνήρ

239 3839 296 3890 dere
317 3841 423 3894 oraculo
443 3841 488 3906 (de
508 3840 614 3907 Pythia)
635 3838 695 3905 253
952 3843 1014 3897 8010
1038 3844 1092 3911 143
1129 3841 1219 3911 ἄνδρας
1238 3843 1304 3894 viros
1315 3843 1402 3907 sortes
1420 3841 1485 3894 0001.
1499 3840 1558 3905 223

187 3928 328 3985 ἀναίτιος
346 3927 421 3992 2131
952 3930 1055 4001 ἀγαθοῖς
1074 3930 1190 4001 ἀνδράσιν
1209 3929 1272 3982 scol.
1292 3929 1356 3993 24,8
1375 3930 1407 3982 cf.
1420 3928 1488 3994 3231
1523 3930 1558 3980 κά·
1631 3919 1633 3924 ¹

187 4015 357 4068 ἀνακαλεῖν
376 4016 443 4068 med.
457 4034 588 4067 arcessere.
616 4012 846 4086 ήένἏρειοπάγιρ
951 4020 1029 4083 colae,
1056 4020 1124 4070 cives
1147 4018 1208 4071 Solo
1233 4018 1291 4082 l4‚5
1314 4017 1346 4070 ef.
1370 4016 1558 4084 28331020

241 4103 318 4174 βουλή
334 4103 539 4173 άνακαλεσαμίνη
560 4105 603 4156 καί
616 4103 719 4173 κρίνασα
738 4103 782 4156 τὸν
795 4104 846 4156 ἐπι·
952 4106 1030 4170 3335
1049 4106 1121 4169 34,3.
1139 4106 1170 4158 15
1194 4105 1267 4168 35,8.
1281 4104 1320 4158 16.
1332 4104 1365 4158 25
1389 4104 1456 4171 443
1475 4105 1557 4167 4935

239 4191 337 4262 τήδειυν
356 4191 417 4254 933
952 4195 1011 4261 533
1031 4195 1183 4259 5431033
1213 4195 1263 4246 viri
1278 4192 1359 4244 adulti
1375 4195 1450 4261 (opp.
1463 4193 1557 4255 παῖδες)

189 4277 373 4333 ἀνακεῖσθαι
394 4296 416 4330 ν.
431 4278 574 4334 άνατιθίναε
952 4283 1082 4348 633415
1119 4285 1221 4334 maritus
1240 4281 1301 4345 653

187 4368 416 4441 άνακηρδττειν
435 4368 510 4432 8131
899 4369 1095 4425 ἀνθιστάναι
1120 4371 1226 4440 ἀντίυτη
1239 4375 1291 4427 τοῖς
1303 4369 1438 4440 γνωρίμοις
1451 4367 1464 4422 δ
1478 4367 1558 4439 δῆμος

188 4458 382 4527 ἀνα-κράζειν.
420 4457 540 4527 άνίκραγε
559 4456 642 4522 (eleo)
660 4456 740 4521 3135
952 4460 1010 4519 531
1032 4458 1177 4528 vg1.‘33,19

188 4545 369 4614 ἀνακρίνειν
387 4547 516 4597 sciscitari.
535 4546 567 4598 τά
580 4549 625 4614 μὲν
639 4545 803 4614 ἐπιτιμῶντες
815 4547 847 4600 τά
899 4545 1068 4618 ἅνθρωπος
1093 4548 1154 4613 19,6
1206 4546 1275 4615 plur.
1302 4541 1471 4615 ἀνθρώποισιν
1494 4544 1556 4599 8010

240 4632 266 4686 δὲ
280 4634 452 4703 ἀνακρίνοντες
473 4635 549 4699 1138
581 4634 748 4705 (γραφάςκαὶ
766 4633 847 4699 δίκας)
954 4636 1035 4700 1233
1075 4643 1128 4688 τών
1154 4634 1286 4706 τυχόντων
1315 4632 1331 4703 ἢ
1357 4639 1410 4686 τῶν
1437 4633 1556 4688 ἐπιεικῶν

242 4722 301 4787 6431
952 4723 1095 4794 ἀνθρώπιον
1114 4721 1192 4787 3032

188 4808 420 4879 (ἀναλαμβάνειν
439 4828 584 4876 recuperare
606 4809 681 4873 1938
897 4811 1015 4862 άνίίναι
1034 4827 1103 4877 pass.
1118 4810 1259 4879 συνέβαινεν
1272 4807 1385 4862 ἀνίεσθαι
1397 4807 1492 4877 μᾶλλον
1510 4807 1554 4872 τήν

188 4897 364 4951 ἀναλίσκειν
393 4900 433 4964 (ἐκ
455 4904 500 4950 τοῦ
524 4902 694 4970 ναυκραρικοῦ
716 4898 844 4969 ἀργυρίου)
950 4898 1075 4951 πολιτείαν
1109 4898 1190 4963 2933
1245 4896 1341 4954 ἀνεθείς
1375 4897 1438 4951 8010
1477 4899 1551 4960 1231
