3510 5610
609 1480 788 1550 EPITOMA
815 1481 1067 1551 HERAOLIDIS.

295 1759 329 1823 In
365 1761 430 1825 rod.
453 1761 552 1826 Valle.
573 1760 647 1841 997,
680 1782 764 1826 nunc
785 1761 883 1826 Paris.
906 1761 1010 1847 suppl.
1044 1783 1087 1846 gr.
1109 1763 1171 1828 352
1206 1762 1301 1847 (suec.
1322 1763 1412 1846 VIII)
1437 1772 1468 1829 et

209 1864 371 1949 deperdito
392 1865 524 1948 gemello
540 1866 654 1941 codice,
677 1865 760 1930 uude
783 1866 927 1931 nonnulli
950 1866 1004 1930 alii
1026 1876 1101 1931 sunt
1121 1867 1278 1953 descripti,
1301 1867 1359 1933 sub
1375 1868 1468 1932 titulo

209 1968 242 2031 ἐκ
264 1975 323 2031 τιῖιν
342 1967 538 2052 Ἡρακλείδου
567 1969 632 2053 περὶ
659 1969 804 2039 πολιτείας
831 1967 1005 2053 Ἀθηναίων
1037 1970 1191 2055 (itemque
1225 1972 1263 2036 de
1296 1982 1469 2036 ceterarum
1524 1951 1530 1969 ρ

174 2093 188 2141 5
208 2073 370 2138 nationum
386 2073 478 2138 rebus
494 2073 643 2159 publicis)
658 2080 783 2138 servate
799 2081 846 2139 est
860 2074 999 2159 epitome
1015 2075 1119 2159 operis
1132 2075 1215 2158 quod
1232 2076 1468 2141 Aristotelicum

208 2176 266 2241 hoc
282 2179 374 2242 verbo
391 2187 482 2242 tonus
496 2184 637 2241 secutum
661 2184 717 2255 est,
741 2176 800 2240 nisi
825 2176 857 2240 id
881 2177 982 2263 ipsum
1006 2178 1076 2241 tuit.
1110 2189 1167 2242 aut
1189 2179 1272 2245 enim
1289 2178 1469 2243 Heraclides

206 2280 260 2345 Ille
275 2280 390 2344 librum
409 2280 642 2345 Aristotelicum
658 2279 725 2364 ipse
748 2280 909 2363 excerpsit,
933 2289 988 2344 cut
1012 2281 1199 2365 epitomator
1223 2281 1380 2346 IIeruclidi
1403 2282 1469 2345 siue

208 2384 337 2450 Pontico
360 2384 427 2450 sive
449 2384 503 2448 ulii
520 2406 597 2469 opus
620 2383 733 2448 tribuit
747 2382 829 2468 quod
846 2386 904 2448 sub
920 2384 1099 2449 Aristotelis
1115 2386 1240 2450 nomine
1257 2385 1469 2468 cognovimus.

210 2491 378 2574 epitomem
402 2489 567 2554 ediderunt
583 2488 615 2551 C.
631 2487 783 2552 Peruscue
805 2488 849 2570 (e.
874 2488 979 2571 1545),
1003 2489 1035 2553 F.
1054 2488 1089 2552 G.
1106 2489 1322 2554 Schneidewin
1342 2489 1469 2572 (1847),

161 2614 189 2659 ιυ
210 2595 241 2658 C.
259 2593 390 2658 Mueller
404 2593 513 2676 {(Frag.
536 2593 614 2657 IIist.
635 2592 742 2657 Gracc.
757 2592 787 2655 II
811 2590 883 2672 208,
910 2591 1017 2674 1848),
1051 2593 1185 2677 deniquo
1210 2593 1246 2657 V.
1263 2594 1351 2670 Ruso,
1376 2613 1469 2676 quem

209 2698 272 2781 (ed.
285 2697 394 2776 Teon,
412 2695 509 2779 1886)
522 2696 704 2781 plerumque
715 2703 839 2760 secutus
854 2717 933 2759 sum.
968 2696 1124 2760 clausulas
1140 2697 1358 2781 disposuerunt
1374 2695 1470 2759 K-W.

297 2908 324 2967 l.
356 2902 517 2987 Ἀθηναῖοι
544 2905 577 2966 τὸ
606 2904 657 2983 μὲν
685 2902 714 2972 ἐξ
737 2903 834 2987 ἀρχῆς
859 2902 991 2986 ἐχρῶντο
1016 2903 1159 2987 βασιλείᾳ·
1187 2903 1411 2985 συνοικήσαντος
1438 2904 1470 2964 δὲ

204 3006 307 3074 'Ioues
329 3006 435 3075 αὐτοὺς
458 3006 522 3069 τύτε
545 3010 660 3089 πρῶτον
678 3003 779 3074 Ἴωνες
803 3006 979 3090 ἐκλήθησαν.

296 3100 428 3174 Πανδίων
450 3110 482 3171 δὲ
505 3109 677 3193 βασιλεύσας
701 3108 774 3189 μετὰ
793 3106 946 3194 Ἐρεχθέα
963 3109 1087 3189 διένειμε
1109 3109 1161 3192 τὴν
1182 3109 1279 3192 ἀρχὴν
1301 3115 1361 3177 τοῖς
1385 3112 1467 3180 υἱοῖς.

162 3233 189 3280 15
209 3216 257 3278 καὶ
281 3215 423 3277 διετέλουν
445 3212 524 3276 οὖτοι
547 3215 758 3283 στασιάζοντες.

298 3316 411 3399 Θησεύς
434 3318 467 3379 δὲ
489 3316 613 3399 ἐκήρυξε
635 3318 682 3379 καὶ
706 3317 877 3399 συνεβιᾙασε
900 3315 1017 3384 τούτους
1040 3315 1082 3379 ἐπ’
1104 3316 1154 3401 ἴσῃ
1171 3318 1218 3379 καὶ
1235 3317 1322 3398 ύμοίᾳ
1346 3314 1467 3403 λζμοίρυρ]Ι

296 3418 379 3488 υύτυς
402 3420 498 3482 ἐλθὼν
521 3420 562 3487 είς
586 3419 697 3500 Σκύρον
720 3418 906 3502 ἐτελεύτησεν
930 3421 1038 3488 ὠσθεὶς
1065 3420 1138 3482 κατδι
1161 3426 1275 3504 πετρῶν
1298 3422 1354 3483 ύπδ
1378 3423 1470 3484 Iluro·

211 3525 334 3607 μήδυυς,
361 3521 541 3607 φοβηθέντος
573 3523 613 3604 μὴ
643 3522 846 3605 σφετερίσηται
879 3524 931 3605 τὴν
965 3528 1062 3605 νῆσον.
1104 3521 1265 3606 Ἀθηναῖοι
1291 3524 1323 3585 δὲ
1351 3523 1470 3606 ὕστερον

211 3627 284 3709 μετὰ
307 3627 342 3689 τὰ
367 3624 487 3710 Μηδικὰ
510 3624 702 3707 μετεκόμισαν
727 3624 814 3688 αὐτού
838 3625 874 3687 τὰ
897 3626 979 3688 δστᾶ.

158 3751 192 3799 νο
296 3731 355 3794 ἀπὸ
378 3731 410 3794 δὲ
433 3727 585 3812 Κοδριδῶν
612 3728 707 3792 οὐκέτι
734 3730 863 3813 βασιλεῖς
890 3727 1015 3811 ᾑροῦντο
1042 3729 1089 3792 διδ
1112 3730 1145 3793 τδ
1168 3732 1263 3794 δοκεῖν
1287 3734 1398 3813 τρυφᾶν
1421 3731 1469 3793 καὶ

212 3836 359 3920 μαλακούς
381 3834 535 3917 γεγονέναι.

291 3937 470 4021 Ἱππομένης
493 3938 525 3999 δὲ
546 3936 588 4005 εἷς
603 3940 660 3998 τῶν
678 3933 828 4018 Κοδριδῶν
852 3936 1029 4020 βουλύμενυς
1045 3937 1223 4002 ἀπώσασθαι
1245 3937 1297 4020 τὴν
1321 3935 1469 4021 διαβολήν,

213 4044 310 4126 λαβὼν
330 4041 384 4125 [ἐπὶ
412 4046 448 4124 τῇ
478 4041 599 4123 θυγατρὶ
622 4041 762 4122 Λειμώνῃ
787 4039 902 4124 μοιχύν,
936 4041 1045 4103 ἐκεῖνον
1081 4041 1133 4120 μὲν
1167 4040 1278 4102 ἀνεῖλεν
1313 4039 1470 4110 ὑποζεύξας

211 4144 296 4231 [μετὰ
318 4150 369 4229 τῆς
392 4142 546 4230 θυγατρὸς]
569 4148 612 4229 τῷ
636 4144 752 4228 ἅρματι,
781 4144 831 4226 τὴν
859 4144 892 4206 δὲ
918 4144 999 4226 ίππιμ
1028 4143 1210 4208 συνέκλεισεν
1239 4142 1296 4211 ἕως
1317 4140 1378 4226 (ἂν)
1401 4142 1470 4206 ἀπύ-

160 4272 193 4319 25
212 4253 306 4333 ληται.

298 4354 328 4417 2.
363 4352 430 4421 τούς
453 4351 525 4435 μετὰ
549 4348 687 4417 Κύλωνος
714 4349 761 4412 διὰ
789 4350 840 4431 τὴν
863 4350 1014 4432 τυραννίδα
1042 4349 1089 4412 ἐπὶ
1117 4352 1165 4412 τδν
1194 4350 1293 4433 βωμὸν
1321 4353 1373 4432 τῆς
1399 4349 1471 4412 θεοῦ

212 4456 392 4543 πεφευγότας
415 4456 441 4518 οἱ
465 4456 529 4537 περὶ
554 4452 709 4535 Μεγακλέα
733 4452 911 4515 ἀπέκτειναν,
956 4454 1004 4515 καὶ
1028 4452 1094 4520 τοὺς
1115 4454 1275 4534 δράσαντας
1299 4457 1338 4520 ὡς
1362 4453 1472 4536 ἐναγεῖς

212 4563 349 4649 ἤλαυνον.

160 4737 315 4745 ...-.---

163 4859 195 4913 13
212 4857 302 4916 αύτούς
322 4856 401 4919 II·W‚
421 4853 504 4911 αὐτοῖς
523 4851 600 4905 codd.
694 4851 723 4901 Ill
743 4850 818 4919 μοίρᾳ
838 4848 889 4899 dol.
909 4847 1030 4900 Srlrneid.
1142 4847 1172 4898 19
1191 4847 1254 4914 perd
1276 4849 1343 4899 II-ll'
1365 4852 1389 4913 (e
1409 4848 1474 4918 frag.
1494 4850 1522 4915 4)

161 4951 216 5020 περὶ
234 4947 311 5002 codd.
455 4945 487 4997 24
508 4941 570 5010 perd
589 4944 635 5010 τῆς
654 4937 777 5008 θυγατρὸς
797 4938 846 4990 dol.
869 4937 964 4989 Iiooler
1070 4935 1119 4993 ἕως
1138 4934 1262 5007 ἀπόληται
1286 4937 1372 5001 codd,
1396 4934 1465 4995 ὅπως
1484 4937 1527 4989 ἀπ,

161 5037 240 5100 K-W,
260 5035 308 5094 ἕως
327 5032 444 5086 ἀπώλετο
463 5032 502 5085 lll.
