3510 5610
337 337 482 405 εἰσκαλεῖν

189 339 252 405 110

188 512 345 566 εἰσκαλεῖν
364 512 433 577 (τοὺς
452 512 562 582 ἀγῶνας)
582 512 660 579 7833

188 601 309 659 εἴσοδος
332 602 377 666 (είς
404 602 433 654 τδ
456 601 616 672 δικαστήριον
638 601 714 663 δέκα,
741 602 786 669 μία
813 610 845 673 τῆ

241 688 309 759 φυλῆ
327 689 433 760 ἑκάστη)
453 690 510 756 743
532 691 566 743 τί.
580 688 649 755 743.
661 690 694 743 33
714 690 774 756 763

187 777 318 849 εἰσορᾶν.
350 779 445 849 ἐσορῶν
463 784 536 846 γαῖαν
555 780 706 848 καινομίνην
719 780 750 843 (δ)
764 778 846 832 80100

241 866 283 928 6,5

187 954 386 1023 εἰσπράττειν
400 955 468 1018 (τοὺς
483 955 650 1025 ναυκράρους)
661 955 713 1008 801.
726 955 768 1008 lex
787 955 843 1019 10,1

241 1044 340 1107 (ταῦτα)
369 1041 450 1106 5137
497 1043 564 1106 (τοὺς
592 1042 750 1112 ἐπιτρόπους)
778 1043 845 1104 65,ss

241 1131 310 1196 (τοὺς
329 1131 361 1183 τά
373 1131 456 1203 χωρία
469 1130 642 1200 κεκτημένους
659 1127 708 1199 τρί’
723 1131 845 1200 ῆμικοτδ-

240 1218 293 1286 λια)
313 1218 373 1285 713

188 1308 215 1361 εί
221 1309 345 1377 σφέρειν
358 1306 463 1376 (νόμους
475 1306 509 1365 είς
522 1307 569 1376 τὴν
583 1304 688 1376 βουλήν)
700 1303 761 1369 39,ss
792 1304 846 1368 (τάς

242 1395 388 1465 μισθώσεις)
412 1394 477 1459 51,3
523 1397 564 1459 (τά
590 1395 758 1464 γραμματεῖα)
780 1392 845 1457 51,6

241 1485 294 1549 (τὸν
314 1482 445 1553 μερισμόν)
464 1483 542 1550 5139
580 1482 634 1548 (τδν
653 1479 794 1549 κατάλογον
813 1480 847 1536 είς

242 1574 288 1643 τῆν
309 1570 413 1641 βουλήν)
432 1570 493 1631 533

189 1662 319 1730 εἰσφορά
339 1660 406 1729 plur.
420 1660 491 1727 (opp.
505 1659 531 1711 αῖ
550 1657 667 1721 δαπάναι)
686 1657 746 1724 938

188 1751 256 1802 εἶτα
280 1747 321 1812 93
347 1746 423 1809 1435
442 1747 520 1810 3634
539 1746 598 1812 383
619 1747 705 1808 3131.
718 1745 749 1797 16
768 1744 847 1808 4135

242 1835 320 1895 6333
341 1836 399 1896 773
418 1836 450 1887 ef.
464 1834 524 1899 763
543 1835 604 1886 adn.
621 1840 722 1905 πρῶτον
741 1835 786 1900 μέν
799 1871 805 1883 .
819 1871 847 1884 ..

242 1925 295 1976 εἶτα
307 1924 385 1988 4433
416 1930 518 1990 πρῶτον
538 1923 583 1990 μέν
594 1962 600 1975 .
613 1963 618 1974 ,
629 1963 635 1974 .
647 1924 709 1990 μετά
728 1919 754 1972 δέ
767 1924 847 1972 ταῦτα

243 2053 249 2065 .
261 2052 267 2065 .
278 2053 284 2066 .
294 2012 346 2066 εἶτα
357 2053 363 2064 .
374 2052 379 2064 .
391 2051 397 2064 .
409 2012 493 2065 ἔπειτα
504 2011 581 2075 6333
600 2016 702 2080 πρῶτον
713 2049 733 2061 ..
744 2049 750 2061 .
761 2009 847 2060 ἔπειτα

244 2100 653 2154 ...ε1τα...έπειτα...ἔπειτα
672 2098 731 2163 733

189 2188 337 2242 ε1ωθέναι
357 2205 379 2241 v.
393 2188 483 2251 ἐθίζειν

189 2278 222 2329 ίκ
242 2277 290 2330 100.
305 2277 371 2331 έλκει
394 2276 419 2338 έξ
439 2279 546 2329 ἑκάστου
569 2281 615 2330 τοῦ
634 2275 757 2346 κιβωτίου
775 2275 845 2326 πινά-

240 2385 296 2419 κιον
319 2366 345 2417 έν
368 2365 429 2429 75,3
454 2366 514 2430 783
534 2367 603 2430 (sim.
617 2366 642 2416 4.
657 2363 697 2427 13)
721 2364 753 2416 cf.
768 2361 846 2426 8133

131 2456 133 2462 ’
240 2457 270 2507 έκ
289 2461 340 2506 τῶν
358 2456 447 2523 τάφων
467 2451 638 2524 ἐξεβλήθησαν
657 2453 704 2514 33
741 2459 792 2508 τοῖς
815 2450 844 2501 έκ

240 2541 375 2614 Πειραιέως
388 2541 586 2611 συγκατελθοΰσι
599 2540 677 2606 4134
707 2541 724 2611 ἡ
745 2540 775 2591 ίκ
790 2535 844 2590 11ει·

240 2633 329 2699 ραιέως
356 2631 467 2689 καθόδος
493 2631 557 2697 433
602 2626 753 2700 συνεξῆλθόν
781 2644 846 2684 τινες

239 2726 291 2772 τῶν
305 2721 334 2772 ἐκ
346 2725 391 2772 τοῦ
405 2720 500 2777 ἄστεως
514 2719 574 2782 33,3
605 2719 628 2772 01
648 2719 676 2772 έκ
690 2723 735 2769 τοῦ
748 2717 845 2774 ἄστεως

239 2808 317 2873 3934
340 2809 416 2872 4037
454 2813 524 2876 (opp.
544 2809 568 2860 01
587 2808 616 2860 ἐκ
634 2810 679 2858 τοῦ
699 2802 845 2876 Πειραιέως)

240 2897 324 2956 4330
360 2897 521 2967 καταβάντας
544 2898 574 2949 έκ
597 2901 649 2948 τῶν
673 2896 757 2966 ἀγρῶν
780 2893 844 2957 38,5

238 2985 270 3036 cf.
284 2985 362 3049 4030
390 2986 419 3037 έκ
432 2983 562 3043 Δεκελείας
576 2985 673 3036 άπιέναι
686 2983 763 3046 3633
792 2988 844 3034 τῶν

240 3070 376 3144 έξἈρείου
401 3076 483 3141 πάγου
502 3073 648 3143 φευγόντων
672 3071 751 3136 5030
787 3073 845 3128 τοὺς

239 3161 331 3228 νόμους
341 3164 398 3218 τοὺς
407 3162 461 3232 περὶ
471 3157 717 3230 τῶνἈρεοπαγιτιῐνν
724 3157 844 3212 καθεῖλον

239 3248 265 3308 ίξ
277 3246 373 3318 Ἀρείου
391 3251 472 3318 πάγου
486 3250 543 3314 383
577 3250 607 3302 ἐκ
620 3248 718 3301 τοθτων
737 3247 844 3300 καλοῦν-

238 3355 279 3395 τες
299 3338 406 3403 (nomina
425 3341 563 3399 recitantes)
582 3337 661 3400 7730
692 3338 708 3407 η
729 3336 807 3406 βουλὴ
826 3334 842 3403 ν)

239 3422 374 3494 έξἈγείου
388 3429 468 3499 πάγου
482 3427 541 3493 535
554 3426 613 3491 433
627 3426 686 3487 713
713 3426 745 3476 τά
755 3421 842 3493 ψευδο-

241 3514 362 3584 μαρτθρια
385 3517 417 3568 τὰ
440 3513 575 3586 έξ“ί1ρείου
594 3515 675 3582 πάγου
699 3511 762 3578 703
798 3510 844 3566 τὰς

240 3604 410 3673 καταγνώσεις
419 3605 464 3661 τάς
474 3604 503 3656 ἐκ
513 3609 558 3673 τῆς
569 3601 662 3672 βουλῆς
672 3600 732 3662 70,4
755 3598 844 3667 ἀφικο-

241 3692 324 3759 μένων
344 3692 373 3745 ίκ
385 3691 573 3760 Λακεδαίμονος
591 3689 669 3752 4037
707 3686 795 3744 παῖδας
815 3688 843 3739 έα

240 3786 350 3851 γαμετῆς
363 3780 479 3851 γυναικός
491 3781 551 3845 536
565 3780 597 3832 εί.
610 3777 688 3843 3035
714 3775 741 3837 έξ
751 3776 845 3845 α’μφοῖν

241 3871 326 3922 άστοῖν
345 3869 453 3939 γεγονώς
472 3869 552 3935 3931
572 3869 605 3920 σί.
620 3866 702 3932 4339
738 3872 845 3934 γυναῖκα

240 3958 350 4028 μεγάλην
370 3957 479 4029 ἐξευρὼν
501 3958 531 4009 ἐκ
549 3961 594 4009 τοῦ
613 3955 696 4024 δῆμου
713 3959 765 4005 τῶν
785 3949 844 4004 Παι-

241 4047 331 4100 ανιέων
348 4047 475 4110 173314
495 4045 527 4098 01,
540 4046 600 4113 303
630 4042 704 4114 ῆρξεν
717 4040 743 4101 ἐξ
760 4040 845 4092 αὐτῶν

242 4136 319 4199 3935
333 4135 406 4198 3631
424 4135 457 4187 εί.
468 4134 545 4199 3936
576 4134 605 4185 έκ
618 4140 670 4186 τῶν
683 4132 744 4203 δπέρ
758 4150 844 4184 τεττα-

241 4223 351 4292 ράκοντα
370 4223 414 4293 έτη
433 4222 573 4292 γεγονότων
587 4221 647 4287 333
679 4220 705 4279 έί
724 4220 843 4272 ἁπάντων

240 4311 270 4363 τὸ
289 4311 388 4380 ἄριστον
401 4310 461 4376 333
494 4312 517 4364 οί
536 4311 566 4363 ἐκ
585 4315 629 4379 τῆς
648 4308 726 4379 αδτῆς
744 4308 845 4380 ἡλικίας

241 4398 319 4460 3430
330 4398 515 4466 01.343344,8
534 4401 578 4458 τοῖς
588 4400 667 4471 ἀρχάς
676 4399 706 4450 έκ
716 4405 768 4450 τῶν
779 4395 844 4449 ὅπλα

240 4488 421 4556 παρεχομένων
441 4485 565 4559 (ᾑροῦντο)
585 4489 650 4553 534
686 4494 737 4544 τοῖς
756 4503 844 4538 πεντα-

240 4574 371 4648 κισχιλίοις
384 4583 434 4635 τοῖς
453 4579 482 4629 ἐκ
495 4583 547 4630 τῶν
560 4575 646 4628 ὅπλων
660 4575 719 4638 363
748 4573 778 4625 έκ
791 4579 844 4623 τῶν

241 4662 328 4716 όπλων
346 4669 392 4733 τῆς
410 4665 534 4723 πολιτείας
553 4663 628 4734 οὔσης
641 4663 719 4730 3634
738 4661 770 4713 τί.
783 4660 843 4720 443

240 4752 283 4818 8,3
314 4752 448 4823 κληρωτὰς
466 4754 495 4806 ἐκ
514 4753 656 4825 προκρίτων
675 4752 717 4816 9,6
737 4749 769 4800 εί.
783 4747 842 4814 353

241 4841 318 4907 3633
332 4843 409 4908 3934
423 4842 570 4907 3430353
609 4843 654 4899 τὰς
671 4840 747 4898 άλλας
765 4839 845 4912 ἀρχάς

240 4931 442 4998 καταστήσαντες
454 4931 483 4984 έκ
492 4932 634 5002 προκρίτων
647 4931 677 4982 έκ
690 4935 742 4982 τῶν
755 4927 845 4998 χιλίων

1385 335 1398 392 I
1426 333 1558 393 INDEX

952 511 1031 576 3730
1067 512 1096 565 έκ
1115 511 1395 582 πεντακοσιομεδίμνων
1418 513 1559 580 931503

951 602 1086 672 κληρωτάς
1104 605 1177 671 (opp.
1191 602 1221 655 ίκ
1239 606 1285 671 τῆς
1299 601 1391 672 βουλῆς
1410 601 1500 667 3433)
1533 601 1559 662 έΕ

951 691 988 743 ὧν
1001 691 1024 742 οἱ
1035 686 1216 762 Ἀρεοπαγῖται
1229 687 1381 744 καθίσταντο
1396 691 1439 756 5,6
1452 690 1485 743 σί.
1499 689 1560 752 538

951 781 984 838 εἶς
1013 777 1038 839 έξ
1061 779 1169 848 ἑκάστης
1195 783 1242 849 τῆς
1269 779 1351 848 φυλῆς
1379 778 1444 845 78,3
1485 778 1560 830 πίντε

951 867 1041 936 ἄνδρας
1068 866 1094 928 ἐξ
1117 864 1201 918 αἰετῶν
1224 865 1289 933 443
1318 867 1351 920 σί.
1369 866 1451 934 4935
1476 865 1560 932 5133

951 956 1084 1027 κληροῦσιν
1098 954 1124 1016 ἐξ
1137 955 1245 1026 ἑκάστης
1259 955 1340 1024 φυλῆς
1353 955 1414 1021 633
1433 955 1466 1008 σί.
1480 952 1560 1017 9,8.9

954 1041 1011 1106 103
1025 1041 1104 1104 3435
1118 1042 1176 1108 363
1192 1042 1270 1107 3433
1284 1043 1343 1107 353
1363 1042 1460 1108 48,6.7
1479 1040 1560 1108 4930

951 1131 1011 1193 503
1030 1130 1090 1191 57,5
1110 1129 1206 1197 7333
1242 1135 1413 1202 χειροτονοῦσι
1436 1129 1560 1200 πρότερον

951 1220 996 1288 μέν
1010 1214 1056 1287 ἀφ’
1068 1218 1176 1288 ἑκάστης
1189 1216 1271 1289 φυλῆς
1283 1220 1335 1285 ένα,
1347 1224 1392 1272 νῦν
1405 1214 1430 1271 δ’
1442 1216 1467 1278 ίί
1480 1216 1561 1270 ἁπάν-

950 1326 1003 1359 των
1016 1308 1095 1368 7137
1108 1307 1140 1359 cf.
1150 1305 1211 1369 353
1241 1307 1266 1368 ίξ
1280 1308 1400 1362 ἁπάντων
1409 1303 1561 1375 Ἀθηναίων

951 1395 1032 1457 6331
1071 1393 1144 1463 (opp.
1159 1395 1184 1456 ἐξ
1209 1392 1391 1464 Εὐμολπιδῶν,
1415 1391 1560 1465 Κηρόκων)

951 1484 1008 1547 663
1042 1483 1072 1535 ἐκ
1092 1469 1211 1551 δφυλῶν
1230 1483 1331 1537 δώδεκα
1349 1483 1462 1555 τριττύες
1481 1483 1559 1546 3437

952 1572 983 1623 cf.
998 1571 1062 1633 935
1098 1577 1136 1642 τῷ
1160 1570 1262 1642 ἀριθμῷ
1281 1560 1301 1626 δ
1321 1572 1346 1634 ίξ
1365 1573 1483 1626 ἑκάστων
1506 1578 1561 1624 τῶν

952 1659 1032 1712 δικῶν
1059 1666 1112 1712 τῶν
1140 1661 1169 1713 ίκ
1196 1665 1241 1714 τοῦ
1268 1661 1349 1730 νόμου
1375 1660 1459 1722 7834
1502 1660 1563 1717 τοὺς

951 1748 1077 1819 λαχόντας
1105 1749 1134 1801 ίκ
1161 1752 1207 1818 τῆς
1234 1748 1360 1806 πολιτείας
1387 1748 1453 1816 530
1476 1748 1561 1813 3433

951 1839 1106 1905 περιεγένετο
1128 1856 1160 1909 τη
1184 1836 1256 1890 πόλει
1278 1837 1388 1889 ταθιαντα
1411 1836 1506 1889 έκατδν
1530 1837 1562 1889 έκ

951 1933 1004 1978 τῶν
1023 1927 1103 1996 ἔργων
1122 1924 1201 1990 3630
1235 1925 1264 1978 τό
1283 1925 1366 1978 έλαιον
1383 1924 1414 1977 ίκ
1432 1929 1478 1976 τοῦ
1498 1924 1563 1994 κτῆ-

951 2032 1050 2080 ματος.
1064 2053 1071 2066 .
1085 2013 1157 2066 ,ἔστι
1175 2031 1206 2084 τη
1226 2011 1298 2066 πόλει
1316 2012 1376 2076 713
1407 2013 1432 2065 τί
1450 2012 1564 2082 γίγνεται

951 2102 981 2154 ίκ
1011 2107 1056 2154 τοῦ
1083 2103 1180 2174 χωρίου
1209 2101 1272 2164 19,5
1317 2100 1347 2152 ίκ
1375 2104 1422 2169 τῆς
1448 2096 1564 2169 Εὐβοίας

951 2189 1130 2259 ὢφελοδμενος
1158 2188 1223 2253 363
1269 2188 1384 2260 δραχμὴν
1415 2188 1445 2240 έκ
1472 2187 1562 2257 Δήλου

950 2277 1142 2347 (λαμβάνουσιν)
1156 2276 1231 2338 7331
1265 2276 1292 2335 θς
1311 2276 1341 2328 ἂν
1359 2276 1390 2328 έκ
1403 2280 1449 2345 τῆς
1463 2277 1563 2333 οίκείας

951 2369 1011 2440 ποιῆ
1039 2366 1189 2419 πεντακόσια
1216 2367 1295 2436 μίτρα
1322 2363 1370 2424 8,7
1417 2362 1562 2416 ἀναλίσκειν

951 2457 980 2508 ἐκ
999 2459 1043 2507 τοῦ
1057 2458 1227 2526 ναυκραρικοῦ
1240 2452 1358 2525 άργυρίου
1372 2452 1426 2505 801.
1439 2452 1483 2505 lex
1502 2452 1560 2518 103

917 2610 918 2613 γ
986 2550 1067 2611 temp.
1095 2544 1213 2614 ἄρχουσιν
1245 2544 1274 2594 ἐκ
1306 2537 1495 2610 Παναθηναίων
1527 2542 1563 2598 είς

950 2630 1115 2702 Παναθήναια
1139 2630 1216 2696 4531
1253 2629 1279 2690 ἐξ
1302 2630 1381 2701 ἀρχῆς
1402 2627 1479 2692 1833
1499 2627 1561 2691 313

949 2720 1022 2785 4331
1041 2720 1118 2782 6136
1150 2717 1176 2778 ἐξ
1189 2718 1305 2787 ὑπαρχῆς
1318 2715 1378 2780 533
1410 2715 1435 2777 ἐξ
1449 2715 1480 2768 οὗ
1492 2727 1559 2780 post·

951 2826 1023 2872 quam
1042 2807 1103 2873 71,6

985 2911 1056 2948 caus.
1065 2897 1095 2947 έκ
1104 2895 1222 2964 προνοίας
1234 2891 1371 2964 άποκτείνη
1383 2892 1459 2959 6631
1481 2891 1560 2961 δῆλον

949 2983 978 3036 έκ
989 2989 1042 3035 τῶν
1052 2983 1183 3056 ἀρχόντων
1194 2983 1268 3049 5831
1291 2984 1321 3034 ἐκ
1333 2987 1385 3034 τῶν
1396 2979 1484 3032 ἄλλων
1498 2979 1558 3046 δμο·
1580 3052 1582 3056 Ι

948 3069 1057 3138 λογεῖται
1080 3071 1145 3130 630
1184 3071 1232 3138 τὴν
1254 3069 1375 3139 ναυτικὴν
1398 3067 1504 3136 δόναμιν
1532 3066 1559 3126 ίξ

948 3158 978 3229 ἧς
996 3157 1171 3229 θάρρησαντας
1194 3159 1250 3210 κτλ.
1264 3158 1329 3226 30,5
1365 3155 1508 3226 ναυμαχίαν
1532 3155 1558 3214 ίξ

948 3247 978 3317 ῆς
997 3248 1088 3317 συνέβη
1108 3247 1168 3312 37,6

984 3336 1113 3388 secundum
1140 3335 1276 3405 κληρωτάς
1302 3334 1416 3403 έκοίησεν
1444 3331 1474 3383 έκ
1502 3337 1553 3384 τῶν

947 3426 1099 3494 τιμημάτων
1110 3423 1151 3488 93
1171 3423 1219 3476 0οκ
1232 3424 1324 3476 ἐκτῶν
1338 3427 1381 3474 νῦν
1391 3419 1554 3491 γιγνομένων,

947 3509 1004 3564 ἀλλ’
1025 3513 1054 3564 έκ
1077 3516 1123 3581 τῆς
1142 3511 1220 3583 άλλης
1239 3511 1363 3568 πολιτείας
1381 3508 1487 3579 θεωρεῖν
1509 3509 1555 3577 τἠν

948 3601 1045 3654 ἐκείνου
1071 3600 1188 3671 βο·’νλησιν
1215 3602 1276 3667 113
1314 3600 1360 3670 τὴν
1383 3598 1485 3669 ῆλικίαν
1508 3596 1553 3665 τῆν

949 3690 979 3741 έκ
998 3694 1042 3742 τοῦ
1061 3690 1140 3757 νόμου
1159 3689 1237 3755 4333
1256 3690 1288 3742 ef.
1302 3687 1380 3752 7835
1399 3686 1462 3753 833

897 3778 1035 3836 ἕκαστος.
1067 3780 1136 3846 sing.
1151 3778 1317 3831 substantive
1331 3773 1430 3829 εθθεῖαν
1448 3773 1483 3832 είς
1496 3773 1553 3825 έκα·

950 3883 1008 3919 στον
1032 3866 1143 3939 ἁρμόσας
1165 3866 1237 3936 δίκην
1262 3864 1325 3918 8010
1352 3862 1430 3929 1331
1469 3859 1553 3931 σῴζειν

950 3954 1056 4021 ἕκαστον
1079 3955 1168 4008 έαυτόν
1196 3954 1279 4018 3730
1319 3953 1432 4024 δραχμὰς
1455 3949 1552 4016 έκάστιρ

950 4042 1020 4096 ὀκτὼ
1039 4043 1143 4096 διέδωκε
1157 4043 1233 4110 3731
1254 4044 1312 4095 sim.
1326 4040 1377 4107 93.
1388 4039 1413 4092 9.
1425 4039 1455 4090 17
1480 4035 1551 4098 1131

950 4131 1029 4200 3430
1053 4132 1113 4198 543
1138 4131 1198 4198 59,6
1220 4130 1279 4192 783
1318 4128 1352 4187 είς
1371 4128 1476 4185 ἕκαστος
1494 4124 1551 4186 813

950 4221 978 4279 ἃς
998 4221 1027 4273 δν
1047 4222 1151 4278 ἕκαστος
1170 4220 1237 4292 λάχη
1257 4219 1315 4281 593
1336 4216 1395 4281 813
1427 4213 1552 4266 κάδόκουν

951 4311 1056 4368 ἕκαστος
1073 4310 1158 4362 αὐτῶν
1177 4306 1240 4361 8010
1262 4304 1341 4371 1336
1378 4304 1403 4357 οἳ
1422 4303 1553 4372 εἰσάγουσι,

949 4398 1016 4450 δυοῖν
1036 4396 1126 4467 φυλαῖν
1145 4397 1252 4452 ἕκαστος
1269 4394 1331 4459 563
1350 4394 1382 4446 cf.
1396 4391 1456 4457 633
1476 4390 1550 4454 7031

950 4485 1028 4550 7330
1057 4493 1110 4542 τοῖς
1128 4483 1325 4539 πλουσιωτάτοις
1335 4477 1478 4551 Ἀθηναίων
1496 4478 1553 4530 ίκα·

948 4574 993 4626 τὸν
1018 4575 1117 4643 έκάστιρ
1139 4572 1263 4625 τάλαντον
1285 4570 1446 4636 363301ιο.
1472 4565 1554 4632 3330

949 4663 1027 4728 4436
1051 4664 1110 4727 463
1135 4663 1197 4726 763
1238 4677 1259 4713 ο.
1274 4677 1334 4730 gen.
1350 4659 1439 4727 partit.
1459 4656 1510 4719 9,6.
1523 4653 1553 4705 14

860 4747 862 4750 ’
949 4751 1026 4816 3439
1046 4750 1122 4816 3636
1140 4749 1219 4813 4534
1239 4749 1299 4811 533
1318 4747 1377 4814 753
1396 4745 1458 4810 77,8
1477 4741 1552 4808 8031

950 4840 1127 4907 praedicative
1134 4839 1306 4907 praeponitur
1316 4829 1552 4891 substantivomfl'

950 4928 1059 4998 ἑκάστην
1078 4928 1124 4997 τῆν
1136 4927 1232 4999 ἡμέραν
1245 4929 1322 4995 3034
1342 4928 1401 4980 sim.
1414 4926 1474 4992 463
1495 4924 1554 4986 688
