<?xml version="1.0" encoding="UTF-8"?>
<!DOCTYPE html PUBLIC "-//W3C//DTD XHTML 1.0 Transitional//EN"
    "http://www.w3.org/TR/xhtml1/DTD/xhtml1-transitional.dtd">
<html xmlns="http://www.w3.org/1999/xhtml" xml:lang="en" lang="en">
 <head>
  <title>
</title>
<meta http-equiv="Content-Type" content="text/html;charset=utf-8" />
  <meta name='ocr-system' content='tesseract 3.04.00' />
  <meta name='ocr-capabilities' content='ocr_page ocr_carea ocr_par ocr_line ocrx_word'/>
</head>
<body>
  <div class='ocr_page' id='page_1' title='image "./supplementumari00arisgoog/supplementumari00arisgoog_0017.png"; bbox 0 0 3510 5610; ppageno 0'>
   <div class='ocr_carea' id='block_1_1' title="bbox 258 313 1033 366">
    <p class='ocr_par' dir='ltr' id='par_1_1' title="bbox 258 313 1033 366">
     <span class='ocr_line' id='line_1_1' title="bbox 258 313 1033 366; baseline 0.008 -6"><span class='ocrx_word' id='word_1_1' title='bbox 258 325 274 360; x_wconf 83' lang='lat' dir='ltr'>x</span> <span class='ocrx_word' id='word_1_2' title='bbox 837 313 1033 366; x_wconf 75' lang='lat' dir='ltr'><strong>PRAEFATIO</strong></span> 
     </span>
    </p>
   </div>
   <div class='ocr_carea' id='block_1_2' title="bbox 257 484 1615 622">
    <p class='ocr_par' dir='ltr' id='par_1_2' title="bbox 257 484 1615 622">
     <span class='ocr_line' id='line_1_2' title="bbox 647 484 1346 540; baseline 0.006 -4"><span class='ocrx_word' id='word_1_3' title='bbox 647 484 660 536; x_wconf 89' lang='grc' dir='ltr'>δ</span> <span class='ocrx_word' id='word_1_4' title='bbox 1331 504 1346 540; x_wconf 95' lang='grc' dir='ltr'>σ</span> 
     </span>
     <span class='ocr_line' id='line_1_3' title="bbox 257 555 1615 622; baseline 0.004 -18"><span class='ocrx_word' id='word_1_5' title='bbox 257 562 312 605; x_wconf 91' lang='lat' dir='ltr'><strong>tum</strong></span> <span class='ocrx_word' id='word_1_6' title='bbox 332 555 451 607; x_wconf 81' lang='lat' dir='ltr'>liberiore</span> <span class='ocrx_word' id='word_1_7' title='bbox 472 557 583 607; x_wconf 85' lang='lat' dir='ltr'><strong>ratione:</strong></span> <span class='ocrx_word' id='word_1_8' title='bbox 613 574 660 607; x_wconf 87' lang='grc' dir='ltr'>οινα</span> <span class='ocrx_word' id='word_1_9' title='bbox 682 556 806 618; x_wconf 76' lang='grc' dir='ltr'>(ἀνάδοσις</span> <span class='ocrx_word' id='word_1_10' title='bbox 830 558 868 608; x_wconf 88' lang='lat' dir='ltr'><strong>vol</strong></span> <span class='ocrx_word' id='word_1_11' title='bbox 893 558 1006 610; x_wconf 77' lang='grc' dir='ltr'>ἀνάδοσιν</span> <span class='ocrx_word' id='word_1_12' title='bbox 1025 558 1101 609; x_wconf 77' lang='lat' dir='ltr'><strong>XXV</strong></span> <span class='ocrx_word' id='word_1_13' title='bbox 1126 558 1163 608; x_wconf 82' lang='lat'><strong>19.</strong></span> <span class='ocrx_word' id='word_1_14' title='bbox 1184 557 1240 622; x_wconf 71' lang='lat'><strong>25),</strong></span> <span class='ocrx_word' id='word_1_15' title='bbox 1269 557 1345 610; x_wconf 86' lang='grc' dir='ltr'>οινοδο</span> <span class='ocrx_word' id='word_1_16' title='bbox 1368 557 1520 621; x_wconf 77' lang='grc' dir='ltr'>(ἀναδόσεως</span> <span class='ocrx_word' id='word_1_17' title='bbox 1540 559 1615 611; x_wconf 78' lang='lat' dir='ltr'><strong>XXV</strong></span> 
     </span>
    </p>
   </div>
   <div class='ocr_carea' id='block_1_3' title="bbox 261 644 1616 787">
    <p class='ocr_par' dir='ltr' id='par_1_3' title="bbox 261 644 1616 787">
     <span class='ocr_line' id='line_1_4' title="bbox 261 644 1616 787; baseline 0.004 -24"><span class='ocrx_word' id='word_1_18' title='bbox 261 714 313 777; x_wconf 76' lang='grc'>14),</span> <span class='ocrx_word' id='word_1_19' title='bbox 337 662 418 766; x_wconf 44' lang='grc' dir='ltr'>αναθιδ</span> <span class='ocrx_word' id='word_1_20' title='bbox 438 712 657 782; x_wconf 79' lang='grc' dir='ltr'>(ἀναδυμιοιδεῐσαι</span> <span class='ocrx_word' id='word_1_21' title='bbox 679 715 709 765; x_wconf 85' lang='lat' dir='ltr'><strong>l&#39;l</strong></span> <span class='ocrx_word' id='word_1_22' title='bbox 731 714 785 779; x_wconf 74' lang='lat'><strong>32),</strong></span> <span class='ocrx_word' id='word_1_23' title='bbox 809 664 932 784; x_wconf 60' lang='lat' dir='ltr'><strong>oceppnri</strong></span> <span class='ocrx_word' id='word_1_24' title='bbox 950 718 1137 785; x_wconf 79' lang='grc' dir='ltr'>(σπερμοτιιιοῖς</span> <span class='ocrx_word' id='word_1_25' title='bbox 1157 716 1232 769; x_wconf 77' lang='lat' dir='ltr'><strong>XXV</strong></span> <span class='ocrx_word' id='word_1_26' title='bbox 1253 717 1297 779; x_wconf 74' lang='lat'><strong>43)</strong></span> <span class='ocrx_word' id='word_1_27' title='bbox 1320 644 1361 768; x_wconf 64' lang='grc' dir='ltr'><strong>διδ</strong></span> <span class='ocrx_word' id='word_1_28' title='bbox 1378 714 1510 787; x_wconf 59' lang='lat' dir='ltr'><strong>(clodomir</strong></span> <span class='ocrx_word' id='word_1_29' title='bbox 1528 720 1616 784; x_wconf 79' lang='lat' dir='ltr'><strong>saepe)</strong></span> 
     </span>
    </p>
   </div>
   <div class='ocr_carea' id='block_1_4' title="bbox 257 803 1616 944">
    <p class='ocr_par' dir='ltr' id='par_1_4' title="bbox 257 803 1616 944">
     <span class='ocr_line' id='line_1_5' title="bbox 257 803 1616 944; baseline 0.002 -23"><span class='ocrx_word' id='word_1_30' title='bbox 257 819 281 921; x_wconf 62' lang='lat' dir='ltr'><strong>oi</strong></span> <span class='ocrx_word' id='word_1_31' title='bbox 299 870 426 932; x_wconf 78' lang='grc' dir='ltr'>(οἰκοῦσαν</span> <span class='ocrx_word' id='word_1_32' title='bbox 445 872 508 923; x_wconf 83' lang='lat' dir='ltr'><strong>xlv</strong></span> <span class='ocrx_word' id='word_1_33' title='bbox 527 873 584 934; x_wconf 74' lang='lat' dir='ltr'><strong>ll),</strong></span> <span class='ocrx_word' id='word_1_34' title='bbox 611 821 718 941; x_wconf 63' lang='grc' dir='ltr'><strong>ἠγεμονδι</strong></span> <span class='ocrx_word' id='word_1_35' title='bbox 733 873 896 943; x_wconf 71' lang='grc' dir='ltr'>(ἡγεμονικοῦ</span> <span class='ocrx_word' id='word_1_36' title='bbox 915 874 976 926; x_wconf 77' lang='lat' dir='ltr'><strong>xvi</strong></span> <span class='ocrx_word' id='word_1_37' title='bbox 997 873 1054 941; x_wconf 75' lang='lat'><strong>38),</strong></span> <span class='ocrx_word' id='word_1_38' title='bbox 1079 803 1137 926; x_wconf 76' lang='grc' dir='ltr'>νοσδ</span> <span class='ocrx_word' id='word_1_39' title='bbox 1156 873 1294 943; x_wconf 74' lang='grc' dir='ltr'>(νοσολογεῑ</span> <span class='ocrx_word' id='word_1_40' title='bbox 1312 873 1349 925; x_wconf 83' lang='grc' dir='ltr'><strong>ΧΙ</strong></span> <span class='ocrx_word' id='word_1_41' title='bbox 1370 873 1425 938; x_wconf 74' lang='lat' dir='ltr'><strong>ll),</strong></span> <span class='ocrx_word' id='word_1_42' title='bbox 1450 823 1498 941; x_wconf 51' lang='grc' dir='ltr'><strong>τυξ</strong></span> <span class='ocrx_word' id='word_1_43' title='bbox 1513 872 1616 944; x_wconf 63' lang='lat' dir='ltr'><strong>(cuppi-</strong></span> 
     </span>
    </p>
   </div>
   <div class='ocr_carea' id='block_1_5' title="bbox 256 957 479 1021">
    <p class='ocr_par' dir='ltr' id='par_1_5' title="bbox 256 957 479 1021">
     <span class='ocr_line' id='line_1_6' title="bbox 256 957 479 1021; baseline 0.009 -14"><span class='ocrx_word' id='word_1_44' title='bbox 256 975 306 1008; x_wconf 85' lang='grc' dir='ltr'>νειν</span> <span class='ocrx_word' id='word_1_45' title='bbox 324 957 414 1009; x_wconf 78' lang='lat' dir='ltr'><strong>xxiv</strong></span> <span class='ocrx_word' id='word_1_46' title='bbox 434 958 479 1021; x_wconf 78' lang='lat'><strong>36)</strong></span> 
     </span>
    </p>
   </div>
   <div class='ocr_carea' id='block_1_6' title="bbox 133 1136 1617 4435">
    <p class='ocr_par' dir='ltr' id='par_1_6' title="bbox 133 1136 1617 4435">
     <span class='ocr_line' id='line_1_7' title="bbox 133 1136 1617 1224; baseline -0.001 -20"><span class='ocrx_word' id='word_1_47' title='bbox 133 1155 241 1203; x_wconf 71' lang='lat' dir='ltr'><strong>scortum</strong></span> <span class='ocrx_word' id='word_1_48' title='bbox 346 1136 395 1200; x_wconf 90' lang='lat' dir='ltr'><strong>De</strong></span> <span class='ocrx_word' id='word_1_49' title='bbox 417 1136 488 1219; x_wconf 91' lang='lat' dir='ltr'><strong>ipsa</strong></span> <span class='ocrx_word' id='word_1_50' title='bbox 514 1138 671 1221; x_wconf 86' lang='lat' dir='ltr'><strong>scripture</strong></span> <span class='ocrx_word' id='word_1_51' title='bbox 697 1138 758 1204; x_wconf 89' lang='lat' dir='ltr'><strong>boc</strong></span> <span class='ocrx_word' id='word_1_52' title='bbox 784 1139 867 1222; x_wconf 86' lang='lat' dir='ltr'><strong>dico,</strong></span> <span class='ocrx_word' id='word_1_53' title='bbox 897 1140 981 1221; x_wconf 88' lang='lat' dir='ltr'><strong>quod</strong></span> <span class='ocrx_word' id='word_1_54' title='bbox 1012 1141 1066 1204; x_wconf 92' lang='lat' dir='ltr'><strong>uni</strong></span> <span class='ocrx_word' id='word_1_55' title='bbox 1099 1142 1214 1223; x_wconf 90' lang='lat' dir='ltr'><strong>cuique</strong></span> <span class='ocrx_word' id='word_1_56' title='bbox 1246 1146 1402 1224; x_wconf 88' lang='lat' dir='ltr'><strong>autotypo</strong></span> <span class='ocrx_word' id='word_1_57' title='bbox 1435 1144 1544 1203; x_wconf 87' lang='lat' dir='ltr'><strong>nostro</strong></span> <span class='ocrx_word' id='word_1_58' title='bbox 1571 1138 1617 1202; x_wconf 88' lang='lat' dir='ltr'><strong>in·</strong></span> 
     </span>
     <span class='ocr_line' id='line_1_8' title="bbox 256 1255 1617 1341; baseline 0.001 -22"><span class='ocrx_word' id='word_1_59' title='bbox 256 1260 366 1339; x_wconf 89' lang='lat' dir='ltr'><strong>specto</strong></span> <span class='ocrx_word' id='word_1_60' title='bbox 391 1255 491 1320; x_wconf 89' lang='lat' dir='ltr'><strong>oculis</strong></span> <span class='ocrx_word' id='word_1_61' title='bbox 518 1256 628 1323; x_wconf 90' lang='lat' dir='ltr'><strong>videre</strong></span> <span class='ocrx_word' id='word_1_62' title='bbox 655 1257 744 1341; x_wconf 90' lang='lat' dir='ltr'><strong>lieet,</strong></span> <span class='ocrx_word' id='word_1_63' title='bbox 773 1258 938 1322; x_wconf 88' lang='lat' dir='ltr'><strong>librarium</strong></span> <span class='ocrx_word' id='word_1_64' title='bbox 961 1280 1025 1324; x_wconf 93' lang='lat' dir='ltr'><strong>non</strong></span> <span class='ocrx_word' id='word_1_65' title='bbox 1048 1257 1201 1323; x_wconf 87' lang='lat' dir='ltr'><strong>artificem</strong></span> <span class='ocrx_word' id='word_1_66' title='bbox 1224 1258 1323 1324; x_wconf 87' lang='lat' dir='ltr'><strong>luisse</strong></span> <span class='ocrx_word' id='word_1_67' title='bbox 1346 1258 1445 1323; x_wconf 89' lang='lat' dir='ltr'><strong>libros</strong></span> <span class='ocrx_word' id='word_1_68' title='bbox 1468 1257 1617 1323; x_wconf 90' lang='lat' dir='ltr'><strong>mercede</strong></span> 
     </span>
     <span class='ocr_line' id='line_1_9' title="bbox 257 1373 1616 1460; baseline 0.003 -22"><span class='ocrx_word' id='word_1_69' title='bbox 257 1373 397 1440; x_wconf 85' lang='lat' dir='ltr'><strong>scribere</strong></span> <span class='ocrx_word' id='word_1_70' title='bbox 419 1381 618 1458; x_wconf 87' lang='lat' dir='ltr'><strong>consuetum,</strong></span> <span class='ocrx_word' id='word_1_71' title='bbox 641 1376 698 1441; x_wconf 91' lang='lat' dir='ltr'><strong>sed</strong></span> <span class='ocrx_word' id='word_1_72' title='bbox 722 1375 882 1442; x_wconf 90' lang='lat' dir='ltr'><strong>hominem</strong></span> <span class='ocrx_word' id='word_1_73' title='bbox 907 1376 1110 1444; x_wconf 77' lang='lat' dir='ltr'>mediocriter</span> <span class='ocrx_word' id='word_1_74' title='bbox 1131 1377 1270 1460; x_wconf 90' lang='lat' dir='ltr'><strong>doctum,</strong></span> <span class='ocrx_word' id='word_1_75' title='bbox 1293 1377 1346 1460; x_wconf 87' lang='lat' dir='ltr'><strong>qui</strong></span> <span class='ocrx_word' id='word_1_76' title='bbox 1363 1377 1528 1460; x_wconf 86' lang='lat' dir='ltr'><strong>exemplar</strong></span> <span class='ocrx_word' id='word_1_77' title='bbox 1547 1375 1616 1442; x_wconf 87' lang='lat' dir='ltr'><strong>sive</strong></span> 
     </span>
     <span class='ocr_line' id='line_1_10' title="bbox 256 1493 1616 1580; baseline 0 -22"><span class='ocrx_word' id='word_1_78' title='bbox 256 1493 319 1558; x_wconf 93' lang='lat' dir='ltr'><strong>situ</strong></span> <span class='ocrx_word' id='word_1_79' title='bbox 342 1493 410 1559; x_wconf 89' lang='lat' dir='ltr'><strong>sive</strong></span> <span class='ocrx_word' id='word_1_80' title='bbox 433 1493 509 1558; x_wconf 89' lang='lat' dir='ltr'><strong>tritu</strong></span> <span class='ocrx_word' id='word_1_81' title='bbox 525 1502 709 1578; x_wconf 89' lang='lat' dir='ltr'><strong>corruptum</strong></span> <span class='ocrx_word' id='word_1_82' title='bbox 724 1495 757 1559; x_wconf 92' lang='lat' dir='ltr'><strong>in</strong></span> <span class='ocrx_word' id='word_1_83' title='bbox 773 1516 863 1560; x_wconf 92' lang='lat' dir='ltr'><strong>usum</strong></span> <span class='ocrx_word' id='word_1_84' title='bbox 889 1496 1049 1580; x_wconf 89' lang='lat' dir='ltr'><strong>privatum</strong></span> <span class='ocrx_word' id='word_1_85' title='bbox 1072 1497 1277 1563; x_wconf 76' lang='lat' dir='ltr'><strong>describeret.</strong></span> <span class='ocrx_word' id='word_1_86' title='bbox 1322 1494 1466 1561; x_wconf 91' lang='lat' dir='ltr'><strong>eiusdem</strong></span> <span class='ocrx_word' id='word_1_87' title='bbox 1488 1495 1616 1577; x_wconf 89' lang='lat' dir='ltr'><strong>generis</strong></span> 
     </span>
     <span class='ocr_line' id='line_1_11' title="bbox 256 1612 1616 1700; baseline 0 -23"><span class='ocrx_word' id='word_1_88' title='bbox 256 1614 428 1697; x_wconf 91' lang='lat' dir='ltr'><strong>plerosque</strong></span> <span class='ocrx_word' id='word_1_89' title='bbox 450 1613 548 1679; x_wconf 90' lang='lat' dir='ltr'><strong>libros</strong></span> <span class='ocrx_word' id='word_1_90' title='bbox 570 1635 651 1698; x_wconf 90' lang='lat' dir='ltr'><strong>esse,</strong></span> <span class='ocrx_word' id='word_1_91' title='bbox 675 1614 727 1698; x_wconf 91' lang='lat' dir='ltr'><strong>qui</strong></span> <span class='ocrx_word' id='word_1_92' title='bbox 751 1615 889 1681; x_wconf 87' lang='lat' dir='ltr'><strong>nuncin</strong></span> <span class='ocrx_word' id='word_1_93' title='bbox 911 1615 1060 1700; x_wconf 86' lang='lat' dir='ltr'><strong>Aegypto</strong></span> <span class='ocrx_word' id='word_1_94' title='bbox 1083 1616 1297 1696; x_wconf 88' lang='lat' dir='ltr'><strong>inveniuntur,</strong></span> <span class='ocrx_word' id='word_1_95' title='bbox 1321 1621 1353 1680; x_wconf 94' lang='lat' dir='ltr'><strong>et</strong></span> <span class='ocrx_word' id='word_1_96' title='bbox 1376 1613 1451 1678; x_wconf 95' lang='lat' dir='ltr'><strong>olim</strong></span> <span class='ocrx_word' id='word_1_97' title='bbox 1474 1612 1562 1678; x_wconf 85' lang='lat' dir='ltr'><strong>dixi¹</strong></span> <span class='ocrx_word' id='word_1_98' title='bbox 1584 1619 1616 1679; x_wconf 88' lang='lat' dir='ltr'><strong>et</strong></span> 
     </span>
     <span class='ocr_line' id='line_1_12' title="bbox 255 1733 1616 1818; baseline 0.001 -21"><span class='ocrx_word' id='word_1_99' title='bbox 255 1753 341 1799; x_wconf 90' lang='lat' dir='ltr'><strong>nune</strong></span> <span class='ocrx_word' id='word_1_100' title='bbox 364 1739 436 1816; x_wconf 88' lang='lat' dir='ltr'><strong>post</strong></span> <span class='ocrx_word' id='word_1_101' title='bbox 459 1738 506 1797; x_wconf 91' lang='lat' dir='ltr'><strong>tot</strong></span> <span class='ocrx_word' id='word_1_102' title='bbox 529 1740 658 1817; x_wconf 84' lang='lat' dir='ltr'><strong>tamque</strong></span> <span class='ocrx_word' id='word_1_103' title='bbox 681 1735 812 1818; x_wconf 86' lang='lat' dir='ltr'><strong>egregia</strong></span> <span class='ocrx_word' id='word_1_104' title='bbox 835 1734 966 1799; x_wconf 89' lang='lat' dir='ltr'><strong>inventa</strong></span> <span class='ocrx_word' id='word_1_105' title='bbox 988 1734 1085 1799; x_wconf 89' lang='lat' dir='ltr'><strong>etiam</strong></span> <span class='ocrx_word' id='word_1_106' title='bbox 1108 1733 1320 1800; x_wconf 86' lang='lat' dir='ltr'><strong>confidentius</strong></span> <span class='ocrx_word' id='word_1_107' title='bbox 1342 1752 1462 1798; x_wconf 86' lang='lat' dir='ltr'><strong>assero.</strong></span> <span class='ocrx_word' id='word_1_108' title='bbox 1506 1733 1616 1815; x_wconf 89' lang='lat' dir='ltr'><strong>itaque</strong></span> 
     </span>
     <span class='ocr_line' id='line_1_13' title="bbox 256 1851 1617 1940; baseline 0 -25"><span class='ocrx_word' id='word_1_109' title='bbox 256 1871 327 1916; x_wconf 91' lang='lat' dir='ltr'><strong>cum</strong></span> <span class='ocrx_word' id='word_1_110' title='bbox 350 1851 471 1935; x_wconf 87' lang='lat' dir='ltr'><strong>duplex</strong></span> <span class='ocrx_word' id='word_1_111' title='bbox 492 1852 587 1918; x_wconf 84' lang='lat' dir='ltr'><strong>fuerit</strong></span> <span class='ocrx_word' id='word_1_112' title='bbox 610 1861 645 1918; x_wconf 92' lang='lat' dir='ltr'><strong>ut</strong></span> <span class='ocrx_word' id='word_1_113' title='bbox 666 1855 752 1940; x_wconf 86' lang='lat' dir='ltr'><strong>apud</strong></span> <span class='ocrx_word' id='word_1_114' title='bbox 774 1860 937 1919; x_wconf 83' lang='lat' dir='ltr'><strong>nostrates</strong></span> <span class='ocrx_word' id='word_1_115' title='bbox 963 1853 1010 1917; x_wconf 92' lang='lat' dir='ltr'><strong>ita</strong></span> <span class='ocrx_word' id='word_1_116' title='bbox 1035 1853 1123 1936; x_wconf 87' lang='lat' dir='ltr'><strong>apud</strong></span> <span class='ocrx_word' id='word_1_117' title='bbox 1150 1856 1300 1936; x_wconf 90' lang='lat' dir='ltr'><strong>antiquos</strong></span> <span class='ocrx_word' id='word_1_118' title='bbox 1328 1852 1523 1934; x_wconf 87' lang='lat' dir='ltr'><strong>litteratura,</strong></span> <span class='ocrx_word' id='word_1_119' title='bbox 1553 1871 1617 1915; x_wconf 91' lang='lat' dir='ltr'><strong>una</strong></span> 
     </span>
     <span class='ocr_line' id='line_1_14' title="bbox 256 1970 1616 2058; baseline 0.001 -24"><span class='ocrx_word' id='word_1_120' title='bbox 256 1970 390 2055; x_wconf 88' lang='lat' dir='ltr'><strong>pulchra</strong></span> <span class='ocrx_word' id='word_1_121' title='bbox 418 1971 609 2053; x_wconf 84' lang='lat' dir='ltr'><strong>etantiqua</strong></span> <span class='ocrx_word' id='word_1_122' title='bbox 636 1973 692 2037; x_wconf 92' lang='lat' dir='ltr'><strong>illa</strong></span> <span class='ocrx_word' id='word_1_123' title='bbox 719 1975 898 2055; x_wconf 90' lang='lat' dir='ltr'><strong>titulorum,</strong></span> <span class='ocrx_word' id='word_1_124' title='bbox 932 1992 996 2055; x_wconf 88' lang='lat' dir='ltr'><strong>qua</strong></span> <span class='ocrx_word' id='word_1_125' title='bbox 1023 1975 1202 2058; x_wconf 79' lang='lat' dir='ltr'><strong>ontr‘puarii</strong></span> <span class='ocrx_word' id='word_1_126' title='bbox 1233 1971 1286 2055; x_wconf 88' lang='lat' dir='ltr'><strong>qui</strong></span> <span class='ocrx_word' id='word_1_127' title='bbox 1314 1978 1401 2036; x_wconf 89' lang='lat' dir='ltr'><strong>reete</strong></span> <span class='ocrx_word' id='word_1_128' title='bbox 1427 1970 1616 2036; x_wconf 77' lang='lat' dir='ltr'><strong>dicebantur</strong></span> 
     </span>
     <span class='ocr_line' id='line_1_15' title="bbox 255 2089 1616 2174; baseline 0.001 -20"><span class='ocrx_word' id='word_1_129' title='bbox 255 2090 354 2156; x_wconf 90' lang='lat' dir='ltr'><strong>libros</strong></span> <span class='ocrx_word' id='word_1_130' title='bbox 377 2089 541 2155; x_wconf 86' lang='lat' dir='ltr'><strong>Sosiorum</strong></span> <span class='ocrx_word' id='word_1_131' title='bbox 565 2092 617 2155; x_wconf 89' lang='lat' dir='ltr'><strong>vel</strong></span> <span class='ocrx_word' id='word_1_132' title='bbox 641 2091 817 2156; x_wconf 88' lang='lat' dir='ltr'><strong>Atticorum</strong></span> <span class='ocrx_word' id='word_1_133' title='bbox 846 2094 934 2157; x_wconf 87' lang='lat' dir='ltr'><strong>iussu</strong></span> <span class='ocrx_word' id='word_1_134' title='bbox 962 2090 1086 2156; x_wconf 84' lang='lat' dir='ltr'><strong>affabre</strong></span> <span class='ocrx_word' id='word_1_135' title='bbox 1119 2090 1303 2157; x_wconf 76' lang='lat' dir='ltr'><strong>scribebant</strong></span> <span class='ocrx_word' id='word_1_136' title='bbox 1335 2090 1404 2155; x_wconf 89' lang='lat' dir='ltr'><strong>sive</strong></span> <span class='ocrx_word' id='word_1_137' title='bbox 1431 2089 1616 2174; x_wconf 86' lang='lat' dir='ltr'><strong>pingebant,</strong></span> 
     </span>
     <span class='ocr_line' id='line_1_16' title="bbox 254 2209 1616 2294; baseline 0.001 -20"><span class='ocrx_word' id='word_1_138' title='bbox 254 2211 359 2275; x_wconf 87' lang='lat' dir='ltr'><strong>altera</strong></span> <span class='ocrx_word' id='word_1_139' title='bbox 382 2209 523 2291; x_wconf 85' lang='lat' dir='ltr'><strong>vulgaris</strong></span> <span class='ocrx_word' id='word_1_140' title='bbox 547 2218 579 2274; x_wconf 95' lang='lat' dir='ltr'><strong>et</strong></span> <span class='ocrx_word' id='word_1_141' title='bbox 601 2211 738 2290; x_wconf 68' lang='lat' dir='ltr'><strong>terrebo,</strong></span> <span class='ocrx_word' id='word_1_142' title='bbox 762 2231 826 2293; x_wconf 85' lang='lat' dir='ltr'><strong>qua</strong></span> <span class='ocrx_word' id='word_1_143' title='bbox 848 2210 963 2293; x_wconf 89' lang='lat' dir='ltr'><strong>vulgus</strong></span> <span class='ocrx_word' id='word_1_144' title='bbox 986 2212 1151 2294; x_wconf 79' lang='lat' dir='ltr'><strong>epistulae,</strong></span> <span class='ocrx_word' id='word_1_145' title='bbox 1174 2209 1434 2291; x_wconf 84' lang='lat' dir='ltr'><strong>commentarios,</strong></span> <span class='ocrx_word' id='word_1_146' title='bbox 1462 2209 1616 2292; x_wconf 86' lang='lat' dir='ltr'><strong>quidquid</strong></span> 
     </span>
     <span class='ocr_line' id='line_1_17' title="bbox 255 2327 1617 2413; baseline -0.001 -20"><span class='ocrx_word' id='word_1_147' title='bbox 255 2330 381 2413; x_wconf 86' lang='lat' dir='ltr'><strong>privato</strong></span> <span class='ocrx_word' id='word_1_148' title='bbox 405 2327 476 2393; x_wconf 90' lang='lat' dir='ltr'><strong>usui</strong></span> <span class='ocrx_word' id='word_1_149' title='bbox 499 2327 692 2392; x_wconf 88' lang='lat' dir='ltr'><strong>destinatum</strong></span> <span class='ocrx_word' id='word_1_150' title='bbox 716 2336 800 2412; x_wconf 86' lang='lat' dir='ltr'><strong>erat,</strong></span> <span class='ocrx_word' id='word_1_151' title='bbox 827 2329 965 2393; x_wconf 88' lang='lat' dir='ltr'><strong>currenti</strong></span> <span class='ocrx_word' id='word_1_152' title='bbox 993 2330 1118 2394; x_wconf 87' lang='lat' dir='ltr'><strong>calamo</strong></span> <span class='ocrx_word' id='word_1_153' title='bbox 1145 2328 1369 2395; x_wconf 87' lang='lat' dir='ltr'><strong>conscribebat</strong></span> <span class='ocrx_word' id='word_1_154' title='bbox 1391 2327 1460 2393; x_wconf 91' lang='lat' dir='ltr'><strong>sive</strong></span> <span class='ocrx_word' id='word_1_155' title='bbox 1482 2329 1617 2393; x_wconf 86' lang='lat' dir='ltr'><strong>conseri-</strong></span> 
     </span>
     <span class='ocr_line' id='line_1_18' title="bbox 255 2445 1616 2531; baseline 0.001 -20"><span class='ocrx_word' id='word_1_156' title='bbox 255 2447 403 2512; x_wconf 86' lang='lat' dir='ltr'><strong>billebet:</strong></span> <span class='ocrx_word' id='word_1_157' title='bbox 433 2445 580 2512; x_wconf 92' lang='lat' dir='ltr'><strong>homines</strong></span> <span class='ocrx_word' id='word_1_158' title='bbox 605 2447 691 2512; x_wconf 92' lang='lat' dir='ltr'><strong>docti</strong></span> <span class='ocrx_word' id='word_1_159' title='bbox 712 2448 765 2530; x_wconf 85' lang='lat' dir='ltr'><strong>qui</strong></span> <span class='ocrx_word' id='word_1_160' title='bbox 789 2446 904 2512; x_wconf 91' lang='lat' dir='ltr'><strong>librum</strong></span> <span class='ocrx_word' id='word_1_161' title='bbox 927 2447 1117 2531; x_wconf 89' lang='lat' dir='ltr'><strong>descripturi</strong></span> <span class='ocrx_word' id='word_1_162' title='bbox 1141 2454 1233 2514; x_wconf 88' lang='lat' dir='ltr'><strong>eraut</strong></span> <span class='ocrx_word' id='word_1_163' title='bbox 1255 2468 1326 2512; x_wconf 90' lang='lat' dir='ltr'><strong>cum</strong></span> <span class='ocrx_word' id='word_1_164' title='bbox 1349 2447 1474 2529; x_wconf 85' lang='lat' dir='ltr'><strong>vulgari</strong></span> <span class='ocrx_word' id='word_1_165' title='bbox 1497 2467 1616 2529; x_wconf 89' lang='lat' dir='ltr'><strong>genere</strong></span> 
     </span>
     <span class='ocr_line' id='line_1_19' title="bbox 256 2566 1617 2650; baseline 0.001 -19"><span class='ocrx_word' id='word_1_166' title='bbox 256 2568 299 2631; x_wconf 89' lang='lat' dir='ltr'><strong>uti</strong></span> <span class='ocrx_word' id='word_1_167' title='bbox 324 2567 456 2648; x_wconf 92' lang='lat' dir='ltr'><strong>nollent,</strong></span> <span class='ocrx_word' id='word_1_168' title='bbox 480 2566 651 2631; x_wconf 87' lang='lat' dir='ltr'><strong>artificioso</strong></span> <span class='ocrx_word' id='word_1_169' title='bbox 675 2566 846 2650; x_wconf 84' lang='lat' dir='ltr'><strong>nescirent,</strong></span> <span class='ocrx_word' id='word_1_170' title='bbox 869 2573 1037 2649; x_wconf 83' lang='lat' dir='ltr'><strong>utrumque</strong></span> <span class='ocrx_word' id='word_1_171' title='bbox 1060 2567 1247 2632; x_wconf 85' lang='lat' dir='ltr'><strong>miscebant.</strong></span> <span class='ocrx_word' id='word_1_172' title='bbox 1292 2566 1366 2630; x_wconf 86' lang='lat' dir='ltr'><strong>talis</strong></span> <span class='ocrx_word' id='word_1_173' title='bbox 1389 2574 1438 2631; x_wconf 90' lang='lat' dir='ltr'><strong>est</strong></span> <span class='ocrx_word' id='word_1_174' title='bbox 1460 2567 1617 2650; x_wconf 87' lang='lat' dir='ltr'><strong>scriptura</strong></span> 
     </span>
     <span class='ocr_line' id='line_1_20' title="bbox 252 2685 1616 2770; baseline -0.001 -20"><span class='ocrx_word' id='word_1_175' title='bbox 252 2688 451 2750; x_wconf 75' lang='lat' dir='ltr'><strong>conticere-iva</strong></span> <span class='ocrx_word' id='word_1_176' title='bbox 480 2705 590 2751; x_wconf 90' lang='lat' dir='ltr'><strong>eorum</strong></span> <span class='ocrx_word' id='word_1_177' title='bbox 618 2687 671 2768; x_wconf 82' lang='lat' dir='ltr'><strong>qui</strong></span> <span class='ocrx_word' id='word_1_178' title='bbox 694 2687 876 2752; x_wconf 82' lang='lat' dir='ltr'><strong>Aristotelis</strong></span> <span class='ocrx_word' id='word_1_179' title='bbox 904 2709 929 2752; x_wconf 89' lang='lat' dir='ltr'><strong>r.</strong></span> <span class='ocrx_word' id='word_1_180' title='bbox 952 2709 983 2770; x_wconf 92' lang='lat' dir='ltr'><strong>p.</strong></span> <span class='ocrx_word' id='word_1_181' title='bbox 1007 2685 1251 2751; x_wconf 80' lang='lat' dir='ltr'><strong>Atheniensium</strong></span> <span class='ocrx_word' id='word_1_182' title='bbox 1279 2694 1508 2770; x_wconf 85' lang='lat' dir='ltr'><strong>exaraverunt,</strong></span> <span class='ocrx_word' id='word_1_183' title='bbox 1542 2686 1616 2750; x_wconf 91' lang='lat' dir='ltr'><strong>talis</strong></span> 
     </span>
     <span class='ocr_line' id='line_1_21' title="bbox 254 2804 1616 2892; baseline 0 -24"><span class='ocrx_word' id='word_1_184' title='bbox 254 2804 348 2869; x_wconf 87' lang='lat' dir='ltr'><strong>huius</strong></span> <span class='ocrx_word' id='word_1_185' title='bbox 371 2804 508 2870; x_wconf 90' lang='lat' dir='ltr'><strong>hominis</strong></span> <span class='ocrx_word' id='word_1_186' title='bbox 531 2805 584 2888; x_wconf 86' lang='lat' dir='ltr'><strong>qui</strong></span> <span class='ocrx_word' id='word_1_187' title='bbox 608 2814 741 2871; x_wconf 86' lang='lat' dir='ltr'><strong>conatus</strong></span> <span class='ocrx_word' id='word_1_188' title='bbox 765 2817 814 2872; x_wconf 90' lang='lat' dir='ltr'><strong>est</strong></span> <span class='ocrx_word' id='word_1_189' title='bbox 837 2807 955 2890; x_wconf 87' lang='lat' dir='ltr'><strong>(neque</strong></span> <span class='ocrx_word' id='word_1_190' title='bbox 979 2807 1064 2872; x_wconf 91' lang='lat' dir='ltr'><strong>enim</strong></span> <span class='ocrx_word' id='word_1_191' title='bbox 1088 2805 1233 2892; x_wconf 86' lang='lat' dir='ltr'><strong>perfecit)</strong></span> <span class='ocrx_word' id='word_1_192' title='bbox 1255 2806 1288 2869; x_wconf 90' lang='lat' dir='ltr'><strong>in</strong></span> <span class='ocrx_word' id='word_1_193' title='bbox 1318 2825 1410 2869; x_wconf 88' lang='lat' dir='ltr'><strong>suurn</strong></span> <span class='ocrx_word' id='word_1_194' title='bbox 1438 2804 1497 2869; x_wconf 88' lang='lat' dir='ltr'><strong>sibi</strong></span> <span class='ocrx_word' id='word_1_195' title='bbox 1525 2826 1616 2869; x_wconf 87' lang='lat' dir='ltr'><strong>usum</strong></span> 
     </span>
     <span class='ocr_line' id='line_1_22' title="bbox 254 2923 1617 3007; baseline 0.001 -20"><span class='ocrx_word' id='word_1_196' title='bbox 254 2924 372 2988; x_wconf 83' lang='lat' dir='ltr'><strong>latrice</strong></span> <span class='ocrx_word' id='word_1_197' title='bbox 393 2924 483 3007; x_wconf 50' lang='lat' dir='ltr'><strong>,baec</strong></span> <span class='ocrx_word' id='word_1_198' title='bbox 511 2925 702 2990; x_wconf 87' lang='lat' dir='ltr'><strong>describere.</strong></span> <span class='ocrx_word' id='word_1_199' title='bbox 754 2946 830 3007; x_wconf 86' lang='lat' dir='ltr'><strong>ergo</strong></span> <span class='ocrx_word' id='word_1_200' title='bbox 865 2925 1044 2989; x_wconf 87' lang='lat' dir='ltr'><strong>litteratura</strong></span> <span class='ocrx_word' id='word_1_201' title='bbox 1076 2925 1139 2989; x_wconf 89' lang='lat' dir='ltr'><strong>ista</strong></span> <span class='ocrx_word' id='word_1_202' title='bbox 1170 2925 1230 2990; x_wconf 90' lang='lat' dir='ltr'><strong>etsi</strong></span> <span class='ocrx_word' id='word_1_203' title='bbox 1265 2945 1305 2989; x_wconf 84' lang='lat' dir='ltr'><strong>ex</strong></span> <span class='ocrx_word' id='word_1_204' title='bbox 1338 2923 1454 2989; x_wconf 85' lang='lat' dir='ltr'><strong>cursivi</strong></span> <span class='ocrx_word' id='word_1_205' title='bbox 1489 2925 1617 3007; x_wconf 84' lang='lat' dir='ltr'><strong>generis</strong></span> 
     </span>
     <span class='ocr_line' id='line_1_23' title="bbox 253 3041 1616 3127; baseline 0.001 -22"><span class='ocrx_word' id='word_1_206' title='bbox 253 3041 387 3108; x_wconf 87' lang='lat' dir='ltr'><strong>levitate</strong></span> <span class='ocrx_word' id='word_1_207' title='bbox 409 3043 556 3126; x_wconf 86' lang='lat' dir='ltr'><strong>adspiret</strong></span> <span class='ocrx_word' id='word_1_208' title='bbox 577 3043 619 3107; x_wconf 86' lang='lat' dir='ltr'><strong>ad</strong></span> <span class='ocrx_word' id='word_1_209' title='bbox 642 3044 796 3125; x_wconf 79' lang='lat' dir='ltr'><strong>grandius</strong></span> <span class='ocrx_word' id='word_1_210' title='bbox 823 3043 913 3126; x_wconf 90' lang='lat' dir='ltr'><strong>illud,</strong></span> <span class='ocrx_word' id='word_1_211' title='bbox 947 3051 1055 3108; x_wconf 86' lang='lat' dir='ltr'><strong>temen</strong></span> <span class='ocrx_word' id='word_1_212' title='bbox 1085 3062 1197 3127; x_wconf 87' lang='lat' dir='ltr'><strong>parum</strong></span> <span class='ocrx_word' id='word_1_213' title='bbox 1227 3048 1377 3108; x_wconf 86' lang='lat' dir='ltr'><strong>accurate</strong></span> <span class='ocrx_word' id='word_1_214' title='bbox 1405 3050 1437 3108; x_wconf 93' lang='lat' dir='ltr'><strong>et</strong></span> <span class='ocrx_word' id='word_1_215' title='bbox 1467 3041 1616 3107; x_wconf 91' lang='lat' dir='ltr'><strong>distincte</strong></span> 
     </span>
     <span class='ocr_line' id='line_1_24' title="bbox 253 3160 1616 3245; baseline 0 -22"><span class='ocrx_word' id='word_1_216' title='bbox 253 3160 417 3244; x_wconf 85' lang='lat' dir='ltr'><strong>formatur,</strong></span> <span class='ocrx_word' id='word_1_217' title='bbox 441 3166 475 3225; x_wconf 90' lang='lat' dir='ltr'><strong>ut</strong></span> <span class='ocrx_word' id='word_1_218' title='bbox 496 3181 595 3244; x_wconf 89' lang='lat' dir='ltr'><strong>saepe</strong></span> <span class='ocrx_word' id='word_1_219' title='bbox 619 3162 715 3225; x_wconf 93' lang='lat' dir='ltr'><strong>immo</strong></span> <span class='ocrx_word' id='word_1_220' title='bbox 739 3162 925 3245; x_wconf 85' lang='lat' dir='ltr'><strong>plerumque</strong></span> <span class='ocrx_word' id='word_1_221' title='bbox 951 3162 1104 3227; x_wconf 86' lang='lat' dir='ltr'><strong>incertum</strong></span> <span class='ocrx_word' id='word_1_222' title='bbox 1127 3163 1177 3244; x_wconf 90' lang='lat' dir='ltr'><strong>sit,</strong></span> <span class='ocrx_word' id='word_1_223' title='bbox 1202 3170 1306 3226; x_wconf 91' lang='lat' dir='ltr'><strong>utrum</strong></span> <span class='ocrx_word' id='word_1_224' title='bbox 1328 3186 1345 3224; x_wconf 84' lang='grc' dir='ltr'><strong><em>τ</em></strong></span> <span class='ocrx_word' id='word_1_225' title='bbox 1367 3181 1408 3225; x_wconf 93' lang='lat' dir='ltr'><strong>an</strong></span> <span class='ocrx_word' id='word_1_226' title='bbox 1433 3186 1459 3244; x_wconf 85' lang='lat' dir='ltr'><strong>o,</strong></span> <span class='ocrx_word' id='word_1_227' title='bbox 1482 3164 1500 3222; x_wconf 84' lang='grc' dir='ltr'>λ</span> <span class='ocrx_word' id='word_1_228' title='bbox 1521 3179 1563 3224; x_wconf 87' lang='lat' dir='ltr'><strong>an</strong></span> <span class='ocrx_word' id='word_1_229' title='bbox 1587 3184 1616 3243; x_wconf 88' lang='grc' dir='ltr'><strong>οι,</strong></span> 
     </span>
     <span class='ocr_line' id='line_1_25' title="bbox 252 3279 1616 3365; baseline 0.002 -25"><span class='ocrx_word' id='word_1_230' title='bbox 252 3282 287 3341; x_wconf 89' lang='grc' dir='ltr'><strong>λλ</strong></span> <span class='ocrx_word' id='word_1_231' title='bbox 302 3298 344 3342; x_wconf 85' lang='lat' dir='ltr'><strong>an</strong></span> <span class='ocrx_word' id='word_1_232' title='bbox 361 3305 391 3362; x_wconf 84' lang='lat' dir='ltr'><strong>p,</strong></span> <span class='ocrx_word' id='word_1_233' title='bbox 414 3281 542 3363; x_wconf 66' lang='lat' dir='ltr'><strong>consor,</strong></span> <span class='ocrx_word' id='word_1_234' title='bbox 565 3305 581 3362; x_wconf 69' lang='grc' dir='ltr'>γ</span> <span class='ocrx_word' id='word_1_235' title='bbox 596 3300 679 3365; x_wconf 77' lang='lat' dir='ltr'><strong>ent,</strong></span> <span class='ocrx_word' id='word_1_236' title='bbox 702 3305 721 3343; x_wconf 89' lang='grc' dir='ltr'>α</span> <span class='ocrx_word' id='word_1_237' title='bbox 740 3301 782 3345; x_wconf 86' lang='lat' dir='ltr'><strong>an</strong></span> <span class='ocrx_word' id='word_1_238' title='bbox 805 3305 820 3343; x_wconf 85' lang='grc' dir='ltr'>ε</span> <span class='ocrx_word' id='word_1_239' title='bbox 844 3282 894 3345; x_wconf 84' lang='lat' dir='ltr'><strong>rel</strong></span> <span class='ocrx_word' id='word_1_240' title='bbox 917 3306 933 3343; x_wconf 87' lang='grc' dir='ltr'>ο</span> <span class='ocrx_word' id='word_1_241' title='bbox 956 3288 1015 3345; x_wconf 90' lang='lat' dir='ltr'><strong>etc.</strong></span> <span class='ocrx_word' id='word_1_242' title='bbox 1040 3280 1176 3345; x_wconf 92' lang='lat' dir='ltr'><strong>voluerit</strong></span> <span class='ocrx_word' id='word_1_243' title='bbox 1199 3281 1344 3364; x_wconf 88' lang='lat' dir='ltr'><strong>scriptor.</strong></span> <span class='ocrx_word' id='word_1_244' title='bbox 1381 3279 1454 3344; x_wconf 87' lang='lat' dir='ltr'><strong>bino</strong></span> <span class='ocrx_word' id='word_1_245' title='bbox 1475 3279 1616 3343; x_wconf 83' lang='lat' dir='ltr'><strong>maxima</strong></span> 
     </span>
     <span class='ocr_line' id='line_1_26' title="bbox 253 3396 1616 3483; baseline 0.003 -23"><span class='ocrx_word' id='word_1_246' title='bbox 253 3396 381 3478; x_wconf 87' lang='lat' dir='ltr'><strong>legendi</strong></span> <span class='ocrx_word' id='word_1_247' title='bbox 411 3397 583 3463; x_wconf 84' lang='lat' dir='ltr'><strong>difficultas</strong></span> <span class='ocrx_word' id='word_1_248' title='bbox 614 3400 723 3464; x_wconf 89' lang='lat' dir='ltr'><strong>oritur.</strong></span> <span class='ocrx_word' id='word_1_249' title='bbox 777 3406 948 3481; x_wconf 88' lang='lat' dir='ltr'><strong>praeterea</strong></span> <span class='ocrx_word' id='word_1_250' title='bbox 981 3398 1136 3464; x_wconf 82' lang='lat' dir='ltr'><strong>fluctuant</strong></span> <span class='ocrx_word' id='word_1_251' title='bbox 1168 3401 1260 3483; x_wconf 86' lang='lat' dir='ltr'><strong>ipsae</strong></span> <span class='ocrx_word' id='word_1_252' title='bbox 1293 3399 1417 3464; x_wconf 88' lang='lat' dir='ltr'><strong>formae</strong></span> <span class='ocrx_word' id='word_1_253' title='bbox 1450 3398 1616 3464; x_wconf 87' lang='lat' dir='ltr'><strong>relabente</strong></span> 
     </span>
     <span class='ocr_line' id='line_1_27' title="bbox 252 3515 1615 3600; baseline 0 -21"><span class='ocrx_word' id='word_1_254' title='bbox 252 3515 388 3581; x_wconf 90' lang='lat' dir='ltr'><strong>subinde</strong></span> <span class='ocrx_word' id='word_1_255' title='bbox 416 3516 547 3581; x_wconf 86' lang='lat' dir='ltr'><strong>librario</strong></span> <span class='ocrx_word' id='word_1_256' title='bbox 578 3518 610 3582; x_wconf 90' lang='lat' dir='ltr'><strong>in</strong></span> <span class='ocrx_word' id='word_1_257' title='bbox 638 3519 772 3599; x_wconf 85' lang='lat' dir='ltr'><strong>vulgare</strong></span> <span class='ocrx_word' id='word_1_258' title='bbox 801 3538 912 3600; x_wconf 89' lang='lat' dir='ltr'><strong>genus.</strong></span> <span class='ocrx_word' id='word_1_259' title='bbox 963 3518 1052 3582; x_wconf 87' lang='lat' dir='ltr'><strong>velut</strong></span> <span class='ocrx_word' id='word_1_260' title='bbox 1080 3525 1208 3599; x_wconf 86' lang='lat' dir='ltr'><strong>praeter</strong></span> <span class='ocrx_word' id='word_1_261' title='bbox 1230 3544 1247 3581; x_wconf 84' lang='grc' dir='ltr'><strong>κ</strong></span> <span class='ocrx_word' id='word_1_262' title='bbox 1269 3519 1458 3582; x_wconf 90' lang='lat' dir='ltr'><strong>sollemnem</strong></span> <span class='ocrx_word' id='word_1_263' title='bbox 1480 3516 1615 3581; x_wconf 87' lang='lat' dir='ltr'><strong>formam</strong></span> 
     </span>
     <span class='ocr_line' id='line_1_28' title="bbox 253 3635 1617 3720; baseline 0.001 -24"><span class='ocrx_word' id='word_1_264' title='bbox 253 3635 411 3700; x_wconf 91' lang='lat' dir='ltr'><strong>cursivam</strong></span> <span class='ocrx_word' id='word_1_265' title='bbox 434 3637 523 3703; x_wconf 89' lang='lat' dir='ltr'><strong>illam</strong></span> <span class='ocrx_word' id='word_1_266' title='bbox 548 3655 652 3702; x_wconf 82' lang='lat' dir='ltr'><strong>anon</strong></span> <span class='ocrx_word' id='word_1_267' title='bbox 675 3656 747 3700; x_wconf 88' lang='lat' dir='ltr'><strong>raro</strong></span> <span class='ocrx_word' id='word_1_268' title='bbox 771 3636 913 3720; x_wconf 85' lang='lat' dir='ltr'><strong>adhibet,</strong></span> <span class='ocrx_word' id='word_1_269' title='bbox 937 3645 971 3701; x_wconf 92' lang='lat' dir='ltr'><strong>ut</strong></span> <span class='ocrx_word' id='word_1_270' title='bbox 994 3637 1043 3701; x_wconf 82' lang='grc' dir='ltr'><strong>καί</strong></span> <span class='ocrx_word' id='word_1_271' title='bbox 1064 3655 1106 3699; x_wconf 88' lang='lat' dir='ltr'><strong>an</strong></span> <span class='ocrx_word' id='word_1_272' title='bbox 1127 3637 1334 3719; x_wconf 66' lang='lat' dir='ltr'><strong>descriptum</strong></span> <span class='ocrx_word' id='word_1_273' title='bbox 1357 3635 1399 3699; x_wconf 92' lang='lat' dir='ltr'><strong>sit</strong></span> <span class='ocrx_word' id='word_1_274' title='bbox 1421 3637 1493 3718; x_wconf 88' lang='lat' dir='ltr'><strong>plus</strong></span> <span class='ocrx_word' id='word_1_275' title='bbox 1516 3635 1617 3700; x_wconf 88' lang='lat' dir='ltr'><strong>semel</strong></span> 
     </span>
     <span class='ocr_line' id='line_1_29' title="bbox 253 3753 1617 3842; baseline -0.001 -24"><span class='ocrx_word' id='word_1_276' title='bbox 253 3753 399 3820; x_wconf 87' lang='lat' dir='ltr'><strong>haereas.</strong></span> <span class='ocrx_word' id='word_1_277' title='bbox 444 3757 590 3842; x_wconf 89' lang='lat' dir='ltr'><strong>inprimis</strong></span> <span class='ocrx_word' id='word_1_278' title='bbox 613 3756 740 3822; x_wconf 88' lang='lat' dir='ltr'><strong>cursiva</strong></span> <span class='ocrx_word' id='word_1_279' title='bbox 762 3755 861 3820; x_wconf 89' lang='lat' dir='ltr'><strong>utitur</strong></span> <span class='ocrx_word' id='word_1_280' title='bbox 883 3755 915 3818; x_wconf 91' lang='lat' dir='ltr'><strong>in</strong></span> <span class='ocrx_word' id='word_1_281' title='bbox 939 3755 986 3820; x_wconf 87' lang='lat' dir='ltr'><strong>eis</strong></span> <span class='ocrx_word' id='word_1_282' title='bbox 1008 3775 1091 3837; x_wconf 85' lang='lat' dir='ltr'><strong>quac</strong></span> <span class='ocrx_word' id='word_1_283' title='bbox 1114 3757 1166 3819; x_wconf 88' lang='lat' dir='ltr'><strong>vel</strong></span> <span class='ocrx_word' id='word_1_284' title='bbox 1190 3774 1288 3837; x_wconf 86' lang='lat' dir='ltr'><strong>supra</strong></span> <span class='ocrx_word' id='word_1_285' title='bbox 1314 3756 1366 3820; x_wconf 85' lang='lat' dir='ltr'><strong>vel</strong></span> <span class='ocrx_word' id='word_1_286' title='bbox 1389 3760 1481 3819; x_wconf 84' lang='lat' dir='ltr'><strong>extra</strong></span> <span class='ocrx_word' id='word_1_287' title='bbox 1503 3773 1617 3818; x_wconf 86' lang='lat' dir='ltr'><strong>versus</strong></span> 
     </span>
     <span class='ocr_line' id='line_1_30' title="bbox 253 3873 1617 3960; baseline -0.001 -23"><span class='ocrx_word' id='word_1_288' title='bbox 253 3876 382 3957; x_wconf 90' lang='lat' dir='ltr'><strong>supplet</strong></span> <span class='ocrx_word' id='word_1_289' title='bbox 405 3877 492 3940; x_wconf 92' lang='lat' dir='ltr'><strong>etin</strong></span> <span class='ocrx_word' id='word_1_290' title='bbox 515 3877 714 3960; x_wconf 90' lang='lat' dir='ltr'><strong>compendiis</strong></span> <span class='ocrx_word' id='word_1_291' title='bbox 738 3873 895 3939; x_wconf 86' lang='lat' dir='ltr'><strong>finalibus.</strong></span> <span class='ocrx_word' id='word_1_292' title='bbox 941 3894 1024 3955; x_wconf 86' lang='lat' dir='ltr'><strong>quae</strong></span> <span class='ocrx_word' id='word_1_293' title='bbox 1051 3895 1122 3938; x_wconf 92' lang='lat' dir='ltr'><strong>cum</strong></span> <span class='ocrx_word' id='word_1_294' title='bbox 1147 3874 1194 3938; x_wconf 88' lang='lat' dir='ltr'><strong>ita</strong></span> <span class='ocrx_word' id='word_1_295' title='bbox 1220 3873 1297 3956; x_wconf 90' lang='lat' dir='ltr'><strong>sint,</strong></span> <span class='ocrx_word' id='word_1_296' title='bbox 1331 3873 1523 3938; x_wconf 86' lang='lat' dir='ltr'><strong>tutissimum</strong></span> <span class='ocrx_word' id='word_1_297' title='bbox 1546 3879 1617 3938; x_wconf 91' lang='lat' dir='ltr'><strong>erat</strong></span> 
     </span>
     <span class='ocr_line' id='line_1_31' title="bbox 253 3993 1616 4076; baseline 0.001 -21"><span class='ocrx_word' id='word_1_298' title='bbox 253 3993 403 4057; x_wconf 85' lang='lat' dir='ltr'><strong>volumen</strong></span> <span class='ocrx_word' id='word_1_299' title='bbox 426 4000 526 4058; x_wconf 91' lang='lat' dir='ltr'><strong>totum</strong></span> <span class='ocrx_word' id='word_1_300' title='bbox 551 3996 631 4059; x_wconf 87' lang='lat' dir='ltr'><strong>lucis</strong></span> <span class='ocrx_word' id='word_1_301' title='bbox 654 4002 723 4058; x_wconf 89' lang='lat' dir='ltr'><strong>arte</strong></span> <span class='ocrx_word' id='word_1_302' title='bbox 746 3993 884 4057; x_wconf 90' lang='lat' dir='ltr'><strong>fideliter</strong></span> <span class='ocrx_word' id='word_1_303' title='bbox 904 4013 1092 4076; x_wconf 86' lang='lat' dir='ltr'><strong>expressum</strong></span> <span class='ocrx_word' id='word_1_304' title='bbox 1116 3993 1245 4057; x_wconf 91' lang='lat' dir='ltr'><strong>lecturis</strong></span> <span class='ocrx_word' id='word_1_305' title='bbox 1260 4002 1337 4056; x_wconf 91' lang='lat' dir='ltr'><strong>ante</strong></span> <span class='ocrx_word' id='word_1_306' title='bbox 1353 3993 1462 4056; x_wconf 89' lang='lat' dir='ltr'><strong>oculos</strong></span> <span class='ocrx_word' id='word_1_307' title='bbox 1483 4012 1616 4075; x_wconf 89' lang='lat' dir='ltr'><strong>ponere,</strong></span> 
     </span>
     <span class='ocr_line' id='line_1_32' title="bbox 253 4110 1616 4196; baseline -0.001 -21"><span class='ocrx_word' id='word_1_308' title='bbox 253 4111 338 4195; x_wconf 80' lang='lat' dir='ltr'><strong>(prod</strong></span> <span class='ocrx_word' id='word_1_309' title='bbox 361 4113 441 4196; x_wconf 81' lang='lat' dir='ltr'><strong>vos,</strong></span> <span class='ocrx_word' id='word_1_310' title='bbox 470 4114 528 4177; x_wconf 87' lang='lat' dir='ltr'><strong>viri</strong></span> <span class='ocrx_word' id='word_1_311' title='bbox 557 4112 775 4193; x_wconf 89' lang='lat' dir='ltr'><strong>illustrissimi,</strong></span> <span class='ocrx_word' id='word_1_312' title='bbox 803 4112 835 4175; x_wconf 91' lang='lat' dir='ltr'><strong>in</strong></span> <span class='ocrx_word' id='word_1_313' title='bbox 862 4112 1042 4176; x_wconf 84' lang='lat' dir='ltr'><strong>Aristotelis</strong></span> <span class='ocrx_word' id='word_1_314' title='bbox 1071 4118 1103 4176; x_wconf 92' lang='lat' dir='ltr'><strong>et</strong></span> <span class='ocrx_word' id='word_1_315' title='bbox 1125 4112 1274 4176; x_wconf 86' lang='lat' dir='ltr'><strong>Heredae</strong></span> <span class='ocrx_word' id='word_1_316' title='bbox 1297 4112 1462 4195; x_wconf 88' lang='lat' dir='ltr'><strong>autotypis</strong></span> <span class='ocrx_word' id='word_1_317' title='bbox 1485 4110 1616 4191; x_wconf 86' lang='lat' dir='ltr'><strong>egregio</strong></span> 
     </span>
     <span class='ocr_line' id='line_1_33' title="bbox 253 4229 1617 4316; baseline -0.003 -21"><span class='ocrx_word' id='word_1_318' title='bbox 253 4238 370 4295; x_wconf 89' lang='lat' dir='ltr'><strong>eventu</strong></span> <span class='ocrx_word' id='word_1_319' title='bbox 393 4231 523 4297; x_wconf 87' lang='lat' dir='ltr'><strong>fecistis.</strong></span> <span class='ocrx_word' id='word_1_320' title='bbox 556 4233 614 4297; x_wconf 92' lang='lat' dir='ltr'><strong>sed</strong></span> <span class='ocrx_word' id='word_1_321' title='bbox 637 4233 722 4316; x_wconf 82' lang='lat' dir='ltr'><strong>quod</strong></span> <span class='ocrx_word' id='word_1_322' title='bbox 738 4233 786 4296; x_wconf 84' lang='lat' dir='ltr'><strong>To</strong></span> <span class='ocrx_word' id='word_1_323' title='bbox 801 4231 878 4294; x_wconf 87' lang='lat' dir='ltr'><strong>mihi</strong></span> <span class='ocrx_word' id='word_1_324' title='bbox 903 4230 1069 4312; x_wconf 83' lang='lat' dir='ltr'><strong>quaerenti</strong></span> <span class='ocrx_word' id='word_1_325' title='bbox 1094 4231 1169 4293; x_wconf 90' lang='lat' dir='ltr'><strong>olim</strong></span> <span class='ocrx_word' id='word_1_326' title='bbox 1190 4229 1390 4313; x_wconf 80' lang='lat' dir='ltr'><strong>praedixisti,</strong></span> <span class='ocrx_word' id='word_1_327' title='bbox 1414 4250 1447 4294; x_wconf 90' lang='lat' dir='ltr'><strong>re</strong></span> <span class='ocrx_word' id='word_1_328' title='bbox 1463 4235 1617 4311; x_wconf 83' lang='lat' dir='ltr'><strong>expertus</strong></span> 
     </span>
     <span class='ocr_line' id='line_1_34' title="bbox 253 4347 1616 4435; baseline 0.001 -25"><span class='ocrx_word' id='word_1_329' title='bbox 253 4370 336 4412; x_wconf 89' lang='lat' dir='ltr'><strong>sum:</strong></span> <span class='ocrx_word' id='word_1_330' title='bbox 364 4350 509 4416; x_wconf 86' lang='lat' dir='ltr'><strong>condicio</strong></span> <span class='ocrx_word' id='word_1_331' title='bbox 532 4353 646 4435; x_wconf 79' lang='lat' dir='ltr'><strong>papyri</strong></span> <span class='ocrx_word' id='word_1_332' title='bbox 671 4360 703 4416; x_wconf 94' lang='lat' dir='ltr'><strong>et</strong></span> <span class='ocrx_word' id='word_1_333' title='bbox 725 4351 870 4435; x_wconf 87' lang='lat' dir='ltr'><strong>inprimis</strong></span> <span class='ocrx_word' id='word_1_334' title='bbox 893 4347 1060 4413; x_wconf 85' lang='lat' dir='ltr'><strong>subsuscus</strong></span> <span class='ocrx_word' id='word_1_335' title='bbox 1083 4348 1153 4412; x_wconf 91' lang='lat' dir='ltr'><strong>eius</strong></span> <span class='ocrx_word' id='word_1_336' title='bbox 1175 4349 1263 4413; x_wconf 90' lang='lat' dir='ltr'><strong>color</strong></span> <span class='ocrx_word' id='word_1_337' title='bbox 1286 4349 1424 4430; x_wconf 88' lang='lat' dir='ltr'><strong>obstant,</strong></span> <span class='ocrx_word' id='word_1_338' title='bbox 1447 4348 1616 4431; x_wconf 88' lang='lat' dir='ltr'><strong>quominus</strong></span> 
     </span>
    </p>
   </div>
   <div class='ocr_carea' id='block_1_7' title="bbox 253 4466 1616 4671">
    <p class='ocr_par' dir='ltr' id='par_1_7' title="bbox 253 4466 1616 4671">
     <span class='ocr_line' id='line_1_35' title="bbox 253 4466 1616 4554; baseline -0.003 -23"><span class='ocrx_word' id='word_1_339' title='bbox 253 4467 359 4551; x_wconf 82' lang='lat' dir='ltr'><strong>imago</strong></span> <span class='ocrx_word' id='word_1_340' title='bbox 383 4469 461 4534; x_wconf 89' lang='lat' dir='ltr'><strong>satis</strong></span> <span class='ocrx_word' id='word_1_341' title='bbox 484 4470 573 4534; x_wconf 88' lang='lat' dir='ltr'><strong>clara</strong></span> <span class='ocrx_word' id='word_1_342' title='bbox 595 4470 660 4534; x_wconf 86' lang='lat' dir='ltr'><strong>fiat.</strong></span> <span class='ocrx_word' id='word_1_343' title='bbox 710 4477 818 4534; x_wconf 85' lang='lat' dir='ltr'><strong>tamen</strong></span> <span class='ocrx_word' id='word_1_344' title='bbox 841 4467 996 4532; x_wconf 85' lang='lat' dir='ltr'><strong>eiusmodi</strong></span> <span class='ocrx_word' id='word_1_345' title='bbox 1021 4478 1203 4554; x_wconf 81' lang='lat' dir='ltr'><strong>aototppam</strong></span> <span class='ocrx_word' id='word_1_346' title='bbox 1225 4466 1357 4532; x_wconf 89' lang='lat' dir='ltr'><strong>editioni</strong></span> <span class='ocrx_word' id='word_1_347' title='bbox 1381 4468 1494 4532; x_wconf 90' lang='lat' dir='ltr'><strong>deesse</strong></span> <span class='ocrx_word' id='word_1_348' title='bbox 1517 4466 1616 4548; x_wconf 91' lang='lat' dir='ltr'><strong>nolui,</strong></span> 
     </span>
     <span class='ocr_line' id='line_1_36' title="bbox 253 4585 1616 4671; baseline -0.001 -22"><span class='ocrx_word' id='word_1_349' title='bbox 253 4594 287 4650; x_wconf 92' lang='lat' dir='ltr'><strong>ut</strong></span> <span class='ocrx_word' id='word_1_350' title='bbox 317 4588 495 4670; x_wconf 89' lang='lat' dir='ltr'><strong>scripturae</strong></span> <span class='ocrx_word' id='word_1_351' title='bbox 530 4591 645 4654; x_wconf 88' lang='lat' dir='ltr'><strong>saltem</strong></span> <span class='ocrx_word' id='word_1_352' title='bbox 675 4609 777 4671; x_wconf 90' lang='lat' dir='ltr'><strong>genus</strong></span> <span class='ocrx_word' id='word_1_353' title='bbox 812 4595 844 4652; x_wconf 93' lang='lat' dir='ltr'><strong>et</strong></span> <span class='ocrx_word' id='word_1_354' title='bbox 874 4588 953 4651; x_wconf 88' lang='lat' dir='ltr'><strong>ordo</strong></span> <span class='ocrx_word' id='word_1_355' title='bbox 982 4587 1156 4669; x_wconf 88' lang='lat' dir='ltr'><strong>specimine</strong></span> <span class='ocrx_word' id='word_1_356' title='bbox 1187 4593 1432 4668; x_wconf 84' lang='lat' dir='ltr'><strong>cognoscantur.</strong></span> <span class='ocrx_word' id='word_1_357' title='bbox 1488 4585 1616 4651; x_wconf 91' lang='lat' dir='ltr'><strong>interim</strong></span> 
     </span>
    </p>
   </div>
   <div class='ocr_carea' id='block_1_8' title="bbox 255 4744 655 4753">
    <p class='ocr_par' dir='ltr' id='par_1_8' title="bbox 255 4744 655 4753">
     <span class='ocr_line' id='line_1_37' title="bbox 255 4744 655 4753; baseline 0.008 -3"><span class='ocrx_word' id='word_1_358' title='bbox 255 4744 403 4751; x_wconf 72' lang='lat'><em>——.---</em></span> <span class='ocrx_word' id='word_1_359' title='bbox 447 4746 473 4750; x_wconf 84' lang='lat'><strong>-.</strong></span> <span class='ocrx_word' id='word_1_360' title='bbox 501 4746 517 4750; x_wconf 90' lang='lat'><em>-</em></span> <span class='ocrx_word' id='word_1_361' title='bbox 544 4747 593 4752; x_wconf 79' lang='lat'><strong>—-</strong></span> <span class='ocrx_word' id='word_1_362' title='bbox 627 4748 655 4753; x_wconf 80' lang='lat'><em>-</em></span> 
     </span>
    </p>
   </div>
   <div class='ocr_carea' id='block_1_9' title="bbox 254 4814 1616 4986">
    <p class='ocr_par' dir='ltr' id='par_1_9' title="bbox 254 4814 1616 4986">
     <span class='ocr_line' id='line_1_38' title="bbox 327 4814 1616 4895; baseline 0.026 -24"><span class='ocrx_word' id='word_1_363' title='bbox 327 4826 333 4855; x_wconf 91' lang='lat'>¹</span> <span class='ocrx_word' id='word_1_364' title='bbox 359 4814 427 4874; x_wconf 49' lang='lat' dir='ltr'><strong>liber</strong></span> <span class='ocrx_word' id='word_1_365' title='bbox 446 4825 486 4875; x_wconf 79' lang='lat' dir='ltr'><strong>die</strong></span> <span class='ocrx_word' id='word_1_366' title='bbox 507 4825 573 4877; x_wconf 79' lang='lat' dir='ltr'><strong>Berl.</strong></span> <span class='ocrx_word' id='word_1_367' title='bbox 595 4827 694 4895; x_wconf 77' lang='lat' dir='ltr'><strong>Froym.</strong></span> <span class='ocrx_word' id='word_1_368' title='bbox 714 4827 756 4875; x_wconf 75' lang='lat' dir='ltr'><strong>der</strong></span> <span class='ocrx_word' id='word_1_369' title='bbox 772 4822 824 4877; x_wconf 75' lang='lat' dir='ltr'><strong>&#39;Ab</strong></span> <span class='ocrx_word' id='word_1_370' title='bbox 844 4824 900 4879; x_wconf 78' lang='grc' dir='ltr'>πολ.</span> <span class='ocrx_word' id='word_1_371' title='bbox 921 4826 962 4874; x_wconf 81' lang='lat' dir='ltr'><strong>dos</strong></span> <span class='ocrx_word' id='word_1_372' title='bbox 982 4823 1124 4874; x_wconf 76' lang='lat' dir='ltr'><strong>Aristoteles</strong></span> <span class='ocrx_word' id='word_1_373' title='bbox 1143 4825 1215 4885; x_wconf 62' lang='grc' dir='ltr'><strong>(ΑΜἸ</strong></span> <span class='ocrx_word' id='word_1_374' title='bbox 1236 4824 1280 4875; x_wconf 62' lang='lat'><strong>‘¹⁶&#39;</strong></span> <span class='ocrx_word' id='word_1_375' title='bbox 1295 4825 1365 4875; x_wconf 55' lang='grc' dir='ltr'><strong>ΒΜ·</strong></span> <span class='ocrx_word' id='word_1_376' title='bbox 1382 4826 1430 4875; x_wconf 60' lang='lat' dir='ltr'><strong>Ak&#39;</strong></span> <span class='ocrx_word' id='word_1_377' title='bbox 1446 4824 1470 4874; x_wconf 64' lang='lat' dir='ltr'><strong>‘l&#39;</strong></span> <span class='ocrx_word' id='word_1_378' title='bbox 1487 4822 1523 4872; x_wconf 76' lang='lat' dir='ltr'><strong>W·</strong></span> <span class='ocrx_word' id='word_1_379' title='bbox 1541 4819 1616 4883; x_wconf 66' lang='grc'>1885)</span> 
     </span>
     <span class='ocr_line' id='line_1_39' title="bbox 254 4912 358 4986; baseline 0.01 -24"><span class='ocrx_word' id='word_1_380' title='bbox 254 4928 279 4984; x_wconf 84' lang='lat' dir='ltr'><strong>p.</strong></span> <span class='ocrx_word' id='word_1_381' title='bbox 294 4912 358 4986; x_wconf 75' lang='lat' dir='ltr'><strong>leq.</strong></span> 
     </span>
    </p>
   </div>
   <div class='ocr_carea' id='block_1_10' title="bbox 0 0 1760 5610">
    <p class='ocr_par' dir='ltr' id='par_1_10' title="bbox 0 0 1760 5610">
     <span class='ocr_line' id='line_1_40' title="bbox 0 0 1760 5610; baseline 0 0"><span class='ocrx_word' id='word_1_382' title='bbox 0 0 1760 5610; x_wconf 95' lang='lat' dir='ltr'><strong> </strong></span> 
     </span>
    </p>
   </div>
  </div>
 </body>
</html>
