3510 5610
338 332 562 386 ARISTOTELIS
582 331 645 384 RES
663 329 811 385 PUBLICA
832 328 1096 383 ATHENIENSlUii
1120 328 1195 381 XLV
1207 326 1370 403 vl-XLVII
1387 329 1398 379 l
1508 325 1551 388 49

239 507 272 570 ού
295 509 416 590 φάσκων
439 513 497 571 δεῖν
525 505 593 570 ἀνευ
620 504 806 589 δικαστηρίου
834 507 971 586 γνώσεως
998 501 1103 566 οὐδένα
1130 507 1187 564 τῶν
1217 503 1343 564 πολιτῶν
1365 491 1499 580 ἀποθνή-

240 631 330 673 σκειν·
365 610 414 673 καὶ
442 610 563 692 κρίσεως
592 609 621 671 ἐν
649 607 826 692 δικαστηρίῳ
854 605 1012 690 γενομένης
1038 606 1054 668 δ
1079 606 1131 687 μὲν
1155 605 1325 689 Λυσίμαχος
1348 601 1497 686 ἀπέφυγεν

239 715 287 777 καί
309 713 475 794 ἐπωνυμίαν
498 711 585 797 ἔσχεν
609 712 625 774 ὁ
649 713 706 774 ἀπδ
730 715 780 774 τοῦ
802 712 938 781 τυπάνου,
962 711 977 771 ὁ
1001 709 1034 770 δὲ
1057 710 1150 791 δῆμος
1173 707 1307 790 ἀφειλετο
1322 711 1375 790 τῆς
1390 708 1499 791 βουλῆς

240 819 272 881 τὸ
301 818 444 881 θανατοῦν
472 818 520 880 καὶ
548 818 606 879 δεῖν
633 818 681 878 καί
707 816 855 898 χρήμασιν
882 817 1015 897 ζημιοῦν,
1049 814 1097 875 καὶ
1124 812 1212 895 νόμον
1235 810 1332 884 ἔθετο,
1366 810 1401 873 ἀν
1424 832 1499 879 τινος

206 941 221 988 υ
241 922 347 984 ἀδικεῖν
371 923 389 1002 4,
414 921 507 1003 βουλὴ
524 924 657 1001 καταγνῷ
674 918 692 1002 ή
709 920 857 1001 ζημιώση,
880 917 931 984 τάς
951 919 1147 997 καταγνώσεις
1161 917 1209 978 καὶ
1225 914 1277 983 τάς
1291 914 1500 998 ἐπιζημιώσεις

239 1027 363 1106 εἰσάγειν
396 1023 463 1091 τοὺς
497 1022 681 1101 θεσμοθέτας
713 1021 754 1090 είς
780 1023 813 1084 τδ
841 1020 1034 1104 δικαστήριον,
1069 1021 1117 1082 καλ
1150 1017 1167 1081 ύ
1194 1043 1220 1082 τι
1247 1017 1281 1082 ἀν
1309 1021 1336 1081 οἱ
1368 1018 1499 1081 δικασταὶ

240 1129 432 1211 ψηφίσωνται,
456 1130 540 1188 τοῦτο
563 1125 661 1209 κύριον
684 1124 766 1187 εἰναι.

326 1232 413 1312 κρίνει
441 1231 472 1291 δὲ
492 1228 496 1311 Ι
516 1228 567 1296 τάς
594 1228 689 1312 ἀρχὰς
716 1229 735 1310 4,
765 1228 856 1311 βουλὴ
883 1228 934 1295 τὰς
964 1226 1108 1306 πλείστας,
1132 1227 1180 1289 καὶ
1204 1219 1322 1308 μάλισθ’
1341 1226 1406 1290 ὅσαι
1430 1224 1501 1310 χρή·
1538 1231 1553 1285 2

242 1358 318 1415 ματα
334 1334 570 1418 διαχειρίζουσιν·
588 1333 622 1395 ού
637 1333 721 1416 κυρία
737 1330 758 1395 δ’
780 1333 798 1414 4,
814 1331 917 1415 κρίσις,
933 1330 993 1393 ἀλλ’
1013 1331 1152 1414 ἐφέσιμυς
1166 1332 1208 1400 εἰς
1223 1333 1256 1394 τδ
1272 1334 1464 1415 δικαστήριον.
1481 1355 1506 1406 p.
1520 1337 1554 1390 24

191 1460 222 1506 10
239 1437 332 1508 ἔξεστι
359 1438 392 1500 δέ
418 1438 466 1500 καί
496 1441 555 1505 τοῖς
582 1436 710 1504 ἰδιώταις
732 1434 926 1518 εἰσαγγέλλειν
950 1436 984 1520 ἣν
1008 1433 1042 1497 ἀν
1067 1435 1229 1517 βούλωνται
1251 1441 1309 1498 τῶν
1332 1435 1434 1521 ἀρχῶν
1459 1435 1499 1518 μὴ

240 1542 371 1627 χρῆσθαι
401 1545 461 1608 τοῖς
487 1538 597 1619 νύμοις·
632 1537 730 1622 ἔφεσις
757 1540 789 1601 δὲ
815 1540 864 1602 καί
891 1538 1002 1607 τούτοις
1025 1537 1101 1601 ἐστὶν
1124 1540 1164 1607 εἰς
1187 1539 1220 1602 τὸ
1244 1538 1427 1621 δικαστήριον
1450 1537 1501 1601 ἐὰν

241 1646 337 1710 αὐτῶν
360 1645 380 1728 ή
404 1645 494 1728 βουλή
518 1648 663 1728 καταγνῷ.

328 1751 477 1831 δοκιμάζει
506 1748 538 1810 δὲ
566 1748 615 1810 καί
642 1747 708 1814 τοὺς
735 1746 894 1830 βουλευτὰς
921 1746 988 1815 τοὺς
1011 1747 1060 1809 τδν
1084 1746 1202 1828 ὕστερον
1225 1746 1356 1809 ἐνιαυτὸν
1380 1746 1502 1830 βουλεύ-
1538 1753 1555 1809 3

242 1875 344 1921 σοντας
366 1853 413 1914 καὶ
436 1851 502 1918 τοὺς
525 1850 608 1912 ἐννέα
631 1848 783 1934 ἄρχοντας.
815 1848 1024 1934 καὶπρότερον
1048 1850 1100 1932 μέν
1123 1848 1159 1933 ἧν
1176 1849 1391 1933 ἀποδοκιμάσαι
1407 1849 1501 1934 κυρία,

192 1977 222 2025 15
241 1961 290 2020 νῦν
314 1957 346 2018 δὲ
369 1954 478 2022 τούτοις
501 1952 599 2035 ἔφεσίς
623 1953 698 2016 ἐστιν
721 1954 763 2020 εἰς
785 1953 817 2015 τδ
840 1954 1033 2036 δικαστήριον.

326 2058 435 2121 τούτων
459 2058 511 2138 μὲν
535 2055 584 2118 ούν
607 2054 714 2140 ἀκυρύς
736 2055 812 2118 ἐστιν
835 2058 854 2138 4,
879 2056 984 2141 βουλή·
1008 2055 1198 2140 προβουλεύει
1220 2056 1244 2118 δ’
1262 2055 1303 2124 εἰς
1326 2057 1374 2119 τδν
1398 2058 1502 2140 δῆμον,
1537 2064 1555 2119 4

243 2165 291 2227 καὶ
313 2162 366 2226 οὐκ
390 2159 496 2231 ἔξεστιν
520 2161 604 2224 οὐδὲν
628 2159 861 2244 ἀπροβούλευτον
885 2158 942 2223 οὐδ’
964 2158 981 2223 δ’
1004 2184 1029 2223 τι
1052 2159 1087 2223 ἀν
1111 2161 1152 2243 μή
1169 2161 1375 2245 προγράφωσιν
1391 2162 1418 2224 οἱ
1435 2185 1503 2246 πρυ-

242 2269 335 2336 τάνεις
358 2266 543 2349 ψηφίσασθαι
565 2269 608 2349 τῷ
633 2266 734 2348 δήμῳ·
759 2261 817 2328 κατ’
838 2263 913 2328 αὐτὰ
935 2264 988 2346 γάρ
1013 2267 1104 2327 ταῦτα
1126 2261 1230 2349 ἔνοχός
1252 2264 1329 2327 ἐστιν
1353 2266 1504 2350 ύνικήσας

242 2376 341 2456 γραφή
364 2368 550 2452 παρανόμων.

189 2496 222 2543 20
326 2473 433 2537 XLVI.
458 2474 634 2557 ἐπιμελεῖται
657 2473 759 2535 δὲκαὶ
783 2478 840 2534 τών
864 2471 1068 2554 πεποιημένων
1091 2475 1217 2557 τριήρων
1239 2473 1288 2536 καί
1312 2476 1369 2534 τῶν
1386 2475 1500 2534 σκευῶν
1542 2479 1553 2536 l

242 2582 289 2643 καὶ
312 2585 371 2642 τών
394 2578 568 2657 νεωσοίκων,
592 2578 640 2640 καὶ
660 2582 784 2639 ποιεῖται
805 2576 905 2644 καινάς
926 2571 983 2661 [δὲ]
1004 2579 1131 2661 τριήρεις
1146 2578 1165 2661 ή
1182 2578 1338 2661 τετρήρεις,
1362 2575 1505 2657 ὁποτέρας

243 2682 277 2746 ἀν
302 2684 317 2745 ύ
341 2684 434 2765 δήμος
456 2682 661 2765 χειροτονήσῃ,
689 2681 737 2743 καὶ
761 2679 850 2763 σκεύη
873 2679 989 2748 ταύταις
1012 2681 1061 2742 καί
1084 2680 1270 2748 νεωσοίκους·
1294 2683 1457 2764 χειροτονεῖ
1477 2677 1499 2741 δ’

243 2788 450 2871 ἀρχιτέκτονας
477 2786 493 2847 ύ
521 2788 613 2867 δῆμος
640 2784 687 2846 ἐπὶ
717 2784 767 2853 τὰς
793 2788 872 2853 ναῦς.
917 2781 952 2845 ἀν
980 2784 1012 2846 δὲ
1039 2785 1079 2866 μὴ
1107 2786 1275 2868 παραδῶσιν
1298 2782 1505 2867 ἐξειργασμένα

243 2894 334 2952 ταῦτα
360 2894 398 2972 τή
427 2888 478 2972 νέα
506 2890 609 2973 βουλή,
643 2889 695 2970 τήν
722 2888 835 2972 δωρεὰν
859 2886 913 2950 σιἰκ
936 2885 1012 2950 ἔστιν
1036 2886 1134 2957 αὐτοῖς
1156 2889 1268 2973 λαβεῖν·
1304 2887 1353 2950 ἐπὶ
1375 2887 1430 2970 γάρ
1452 2891 1505 2969 τῆς

192 3013 223 3062 25
245 2994 362 3076 ὕστερον
390 2994 496 3078 βουλῆς
524 2994 729 3077 λαμβάνουσιν.
750 2993 754 3074 ἰ
775 2996 898 3055 ποιεῖται
926 2993 957 3054 δέ
981 2992 1032 3060 τάς
1053 2994 1188 3077 τριήρεις,
1212 2991 1284 3055 δέκα
1306 2989 1410 3075 ἀνδρας
1433 2991 1463 3059 ἐξ
1486 3015 1512 3064 p.
1525 2996 1558 3049 25

243 3096 361 3182 αύ[τῖγς]
398 3097 520 3181 ἐλομένη
553 3096 763 3180 τριηροποιούς.
864 3096 992 3168 ἐξετάζει
1019 3097 1052 3160 δὲ
1077 3100 1125 3161 καὶ
1152 3096 1189 3159 τά
1221 3097 1442 3179 οἰκοδομήματα
1471 3096 1507 3158 τὰ
1543 3102 1559 3156 2

244 3203 372 3284 δημόσια
394 3201 497 3279 πάντα,
521 3199 574 3263 κάν
597 3224 639 3269 τις
662 3201 771 3263 ἀδικεῖν
794 3200 869 3283 αὐτή
890 3199 971 3283 adep,
993 3206 1036 3285 τῷ
1052 3224 1084 3263 τε
1100 3201 1188 3284 δήμῳ
1204 3204 1304 3264 τοῦτον
1322 3199 1505 3284 [ἀπ]οφαίνει

245 3308 293 3369 καὶ
317 3307 507 3386 καταγνόντος
529 3305 709 3389 παραδίδωσι
733 3305 919 3388 δικαστηρίιρ.

331 3408 454 3473 XLVII.
480 3412 634 3472 συνδιοικεῖ
657 3409 688 3471 δὲ
712 3409 759 3471 καὶ
782 3413 844 3476 ταῖς
867 3407 968 3476 άλλαις
984 3407 1089 3493 ἀρχαῖς
1105 3408 1140 3470 τά
1156 3410 1288 3471 πλεῖστα.
1320 3408 1505 3491 πρῶτονμὲν
1547 3414 1558 3471 l

192 3532 226 3580 30
244 3513 298 3597 γάρ
326 3514 353 3576 οἱ
382 3512 506 3594 ταμίαι
533 3518 593 3596 τής
611 3510 769 3595 Ἀθηνᾶς
796 3512 853 3575 εἰσί
881 3512 932 3590 μὲν
960 3509 1041 3590 δέκα,
1076 3509 1262 3595 κλη[ρυῦτα]ι
1290 3508 1312 3573 δ’
1332 3509 1375 3579 εἷς
1398 3510 1432 3574 ἐκ
1454 3516 1507 3594 τῆς

195 3738 216 3789 1.
236 3739 251 3790 2
271 3736 395 3790 πολιιτων
413 3736 581 3808 απυδνησκειν
601 3737 621 3788 L
711 3735 951 3805 2δικαστεριω1,*,
970 3751 1034 3789 corr.
1055 3735 1088 3788 L⁴
1177 3735 1525 3807 δκαταγνωηζημιωσηδ

192 3825 236 3877 καλ
255 3840 305 3877 om.
324 3824 366 3887 Ι),
385 3841 515 3893 suprascr.
538 3823 584 3890 (κ’)
608 3824 649 3891 Li,
668 3832 697 3877 ut
717 3826 769 3878 vid.
912 3825 928 3876 8
948 3823 1054 3892 μαλεισδ
1073 3824 1115 3890 L*‚
1134 3841 1200 3877 corr.
1218 3825 1251 3876 L³
1394 3825 1409 3876 9
1430 3824 1558 3895 ἰφίσιμος]

193 3929 285 3965 rasura
304 3913 316 3965 1
337 3913 485 3964 autrici.
506 3914 603 3965 iniere
623 3919 685 3981 etp
813 3912 844 3963 12
864 3930 982 3981 καταγνω
1003 3911 1022 3963 L
1150 3911 1182 3964 13
1201 3928 1342 3981 υστερο.νι
1360 3912 1404 3979 δ’,
1423 3931 1449 3965 νε
1469 3929 1563 3981 supra·

192 4017 241 4053 scr.
262 3999 294 4053 L⁴
439 4001 478 4053 13.
500 4001 531 4054 14
552 4000 727 4071 βουλευσοντες
749 3999 792 4066 L',
815 4016 880 4053 corr.
899 3998 932 4052 L*
1077 4001 1108 4053 16
1132 4018 1221 4053 τουτον
1240 4001 1285 4066 ist,
1304 4018 1369 4054 corr.
1390 4002 1421 4053 L‘

196 4089 226 4140 17
246 4109 281 4160 μη
301 4105 350 4141 om.
371 4088 414 4156 L*,
433 4106 563 4157 suprascr.
583 4091 625 4141 12³?
763 4090 793 4142 18
812 4108 850 4141 τω
870 4089 890 4141 L
1023 4090 1053 4142 19
1073 4108 1156 4160 γραφη
1177 4088 1197 4141 L
1323 4091 1356 4142 22
1375 4088 1466 4159 δῆμος]
1485 4106 1562 4158 νομυς

195 4178 240 4243 L‘,
259 4194 323 4231 corr.
344 4176 375 4229 L⁴
521 4195 686 4251 χειροτονηση
706 4178 726 4230 L
873 4178 906 4230 23
925 4176 1086 4247 εξιργαζμενα
1104 4177 1148 4241 δ’,
1168 4193 1182 4229 σ
1201 4193 1248 4246 pro
1267 4179 1281 4239 ζ
1299 4178 1330 4230 L⁴
1473 4176 1506 4229 24
1530 4195 1562 4247 τη

193 4286 236 4320 νεα
256 4267 335 4338 βουλη
357 4265 397 4331 1,*,
416 4283 481 4320 εστι.
500 4267 533 4319 L⁴
677 4267 710 4319 25
729 4269 846 4333 ποιεῖται]
870 4283 937 4334 opus
961 4268 1056 4335 incipit
1079 4267 1166 4319 scriba
1190 4272 1299 4335 quartus
1322 4265 1384 4331 (1.4),
1408 4267 1435 4318 in
1461 4281 1564 4318 summa

193 4357 291 4424 pagina
310 4357 426 4408 scribens
445 4373 459 4425 γ
477 4374 555 4423 τομος
662 4356 695 4407 26
715 4356 794 4424 αύτής
812 4355 874 4419 Wn,
894 4355 987 4420 K·W³,
1007 4355 1108 4424 (ἑαυτῆς
1127 4357 1196 4408 coni.
1218 4355 1322 4423 Waytc)
1430 4352 1464 4406 28
1484 4371 1562 4406 κατα·

192 4461 285 4514 γνουσα
305 4445 334 4512 L,
353 4461 417 4497 corr.
438 4445 508 4496 K-W
529 4444 586 4508 (BL,
606 4444 644 4509 S.)

282 4637 317 4689 30
335 4637 463 4703 Harpocr.
483 4653 504 4687 s.
519 4653 541 4687 ν.
561 4636 658 4704 ταμίαι
682 4673 708 4687 .,
724 4676 729 4687 .
749 4635 816 4706 ἀρχή
836 4654 872 4694 τις
891 4632 948 4706 παρ’
959 4633 1109 4706 Ἀθηναίοις
1122 4634 1153 4705 ήν
1167 4635 1191 4687 οἱ
1203 4633 1297 4702 ταμίαι,
1316 4633 1376 4686 δέκα
1389 4632 1434 4686 τὸν
1447 4632 1563 4705 ἀριθμόν.

193 4725 416 4795 παραλαμβάνουσι
435 4721 455 4776 δ’
476 4723 545 4776 οὗτοι
562 4725 593 4776 τύ
611 4743 637 4776 τε
657 4723 756 4792 ἄγαλμα
775 4729 819 4794 τῆς
833 4722 946 4794 Ἀθηνᾶς
965 4726 1008 4777 καί
1027 4725 1072 4782 τὰς
1085 4720 1165 4781 Νίκας
1184 4722 1227 4775 καὶ
1245 4722 1289 4775 τδν
1309 4721 1384 4774 ἄλλον
1403 4722 1499 4790 κόσμον
1519 4723 1564 4774 καί

193 4815 225 4866 τά
244 4813 362 4886 χρήματα
381 4813 492 4865 ἐναντίον
511 4817 557 4882 τῆς
576 4812 677 4881 βουλῆς,
697 4811 732 4869 ι’ύς
751 4828 827 4881 φησιν
842 4809 1021 4885 Ἀριστοτέλης
1041 4808 1227 4881 ἐνἈδηναίων
1240 4809 1362 4883 πολιτείᾳ.
1391 4811 1438 4864 εἰσὶ
1456 4810 1482 4864 δέ
1500 4829 1564 4867 τινες

194 4904 237 4955 καὶ
255 4908 307 4954 τῶν
326 4902 436 4974 τριήρων
455 4901 542 4969 ταμίαι
561 4900 595 4958 ώς
615 4900 628 4952 δ
648 4898 723 4958 αδτδς
742 4900 877 4971 φιλόσοφός
895 4918 977 4972 φησιν.
1002 4935 1091 4952 .....
1116 4900 1268 4968 (iipitomcn
1286 4914 1369 4951 cxscr.
1388 4899 1500 4951 Protin
1520 4900 1564 4964 [cx

195 5006 246 5058 quo
267 4990 308 5042 Et.
328 4991 481 5058 genuinum,
504 4989 573 5042 undc
598 4988 694 5057 Symco
719 4995 745 5042 ct
770 4989 809 5042 iit.
829 4992 862 5043 11.
881 4990 994 5059 745,18]
1014 4988 1175 5052 etSuid.11).
1196 5016 1226 5027 -
1253 4987 1318 5040 Lex.
1338 4985 1421 5040 Βείιίι.
1441 4988 1564 5054 quintum

248 5091 326 5149 Suppl.
341 5092 411 5135 Arist.
425 5090 488 5136 1112.
516 5091 585 5136 Arist,
600 5102 616 5135 r.
630 5103 652 5146 p.
667 5089 750 5135 Athen.
1327 5075 1344 5127 4
