3510 5610
349 331 576 386 ARISTOTELIS
598 330 662 383 RES
680 330 828 384 Puaurca
848 331 1108 386 ATHENIENSIUII
1129 329 1203 383 LXII
1219 325 1377 382 l-LXIIIl
1508 328 1549 391 73

326 504 418 568 LXII.
441 506 471 567 αἱ
499 505 530 568 δέ
556 505 702 587 κληρωταὶ
731 505 820 588 ἁρχαὶ
850 504 988 589 πρότερον
1017 506 1067 584 μὲν
1096 505 1170 589 ἦσαν
1199 504 1228 565 αἱ
1254 503 1304 584 μὲν
1329 500 1386 583 μετ’
1416 499 1498 562 ἐννέα
1540 508 1549 563 l

240 608 389 691 ἀρχόντων
418 608 451 671 ἐκ
474 614 525 691 τῆς
547 611 643 692 φυλής
665 607 735 691 ὅλης
757 608 961 692 κληροῦμεναι,
989 609 1018 670 αἱ
1041 607 1062 670 δ’
1083 608 1113 670 ἑν
1137 607 1255 690 Θησείῳ)
1280 605 1475 689 κληρούμενοι
1490 613 1552 681 μθθ

239 715 390 795 διῃροῦντο
412 712 452 781 είς
475 711 541 780 τοῦς
564 711 689 794 δήμους·
713 710 814 795 ἐπειδή
837 703 861 774 δι
887 711 1019 774 ἐπώλουν
1042 712 1069 774 οἱ
1093 713 1191 795 δῆμοι,
1215 711 1261 774 καὶ
1278 709 1382 777 ταύτας
1398 709 1431 772 ἐκ
1446 713 1498 792 τής

239 816 334 898 φυλῆς
361 814 433 897 δ’λης
460 819 599 900 κληροῦσι
626 816 701 898 πλὴν
730 816 893 900 βουλευτῶν
922 817 969 878 καὶ
992 821 1141 900 φρουρῶν·
1176 815 1294 884 τούτους
1316 813 1338 877 δ’
1369 815 1410 882 είς
1432 814 1499 881 τοὺς

206 938 221 986 5
239 921 350 1003 δήμους
372 919 553 983 ἀποδιδόασι.
793 908 797 916 ’

326 1023 538 1105 μισθοφοροῦσι
562 1024 594 1086 δὲ
616 1027 731 1107 πρῶτον
755 1024 770 1085 δ
794 1026 886 1106 δήμος
907 1027 969 1091 ταῖς
986 1024 1038 1104 μὲν
1054 1022 1155 1091 ἄλλαις
1170 1022 1336 1105 ἐκκλησίαις
1353 1022 1499 1106 δραχμήν,
1536 1029 1551 1082 2

239 1131 276 1207 τῇ
304 1127 337 1188 δὲ
364 1124 448 1209 κυρία
475 1125 557 1188 ἐννέα
585 1124 741 1211 (δβολούς).
787 1124 887 1191 ἔπειτα
913 1130 948 1190 τὰ
972 1128 1142 1210 δικαστήρια
1165 1130 1239 1208 τρεῖς
1263 1124 1395 1210 δβολούς.
1440 1122 1493 1187 εἶθ’

240 1230 259 1311 ή
283 1229 374 1313 βουλή
397 1229 482 1292 πέντε
506 1229 640 1314 ὀβολούς·
676 1235 736 1298 τοῖς
759 1231 791 1293 δὲ
813 1229 1038 1313 πρυτανεῦουσιν
1061 1231 1103 1298 είς
1126 1231 1236 1314 σίτησιν
1260 1230 1364 1314 δβολδς
1388 1229 1498 1312 προστί·

241 1332 323 1394 θεπαι
351 1329 434 1418 ήδέκα
460 1329 684 1418 προστίθενταιβ.
729 1330 814 1396 ’ἔπειτ’
843 1336 884 1403 είς
910 1335 1019 1417 σίτησιν
1047 1335 1243 1418 λαμβάνουσιν
1271 1331 1343 1395 ἐννέ’
1360 1331 1500 1416 άρχοντες

193 1456 221 1503 10
239 1435 375 1520 τέτταρας
402 1436 524 1520 ὀβολοὺς
553 1435 676 1505 ἕκαστος
703 1438 749 1500 καί
779 1437 995 1522 παρατρέφουσι
1021 1438 1134 1522 κήρυκα
1162 1438 1209 1500 καὶ
1232 1435 1372 1519 αὐλητήν,
1407 1432 1493 1497 ἔπειτ’

240 1539 340 1624 ἅρχων
374 1540 414 1607 είς
437 1539 587 1622 Σαλαμῖνα
621 1542 757 1625 δραχμήν
786 1547 838 1625 τῆς
865 1542 986 1626 ἡμέρας.
1037 1540 1199 1604 ἀθλοθέται
1227 1539 1249 1603 δ’
1275 1540 1305 1602 ἐν
1336 1538 1498 1622 πρυτανείῳ

239 1646 385 1706 δειπνοῦσι
412 1645 459 1706 τὸν
478 1640 760 1728 ‘Haluntinum
788 1650 875 1728 μήνα,
905 1643 974 1708 ὅταν
1001 1642 1021 1728 ή
1052 1645 1088 1707 τὰ
1117 1643 1318 1728 Παναθήναια,
1345 1643 1500 1728 ἀρξάμενοι

240 1749 298 1812 ἀπὸ
321 1753 374 1831 τῆς
396 1750 532 1833 τετράδος
555 1747 720 1829 ἱσταμένου.
762 1749 957 1832 ἀμφικτῦονες
979 1751 1019 1817 εἰς
1042 1751 1137 1832 Δῆλον
1160 1750 1296 1833 δραχμήν
1317 1751 1369 1831 τῆς
1389 1745 1501 1830 ἡμέρας

240 1853 365 1933 ἑκάστης
380 1850 527 1934 ἐκδήλου
543 1849 759 1937 (λαμβάνουσι).
782 1855 961 1938 λαμβάνουσι
982 1855 1014 1918 δὲ
1030 1855 1077 1917 καὶ
1094 1853 1160 1917 ὅσαι
1174 1853 1400 1918 ἀποστέλλονται
1411 1851 1501 1935 ἀρχαί

192 1979 220 2025 15
240 1957 281 2025 εἰς
304 1956 402 2037 Σάμον
425 1955 444 2038 ή
468 1954 580 2039 Σκῦρον
603 1957 621 2040 ή
646 1959 764 2041 Λῆμνον
787 1956 938 2043 ήἸμβρον
961 1959 1002 2026 είς
1025 1960 1137 2040 σίτησιν
1161 1956 1305 2041 ἀργύριον.

326 2058 428 2144 ἄρχειν
465 2060 497 2121 δὲ
530 2060 581 2127 τὰς
614 2062 667 2142 μὲν
695 2064 768 2125 κατὰ
795 2064 922 2145 πόλεμον
951 2064 1047 2148 ἀρχὰς
1075 2061 1168 2131 ἔξεστι
1199 2063 1362 2142 πλεονάκις,
1396 2058 1497 2123 τῶνδ’
1540 2067 1555 2120 2

242 2164 338 2228 ἄλλων
361 2162 506 2243 οὐδεμίαν,
530 2165 605 2247 πλὴν
630 2166 783 2248 βουλεῦσαι
806 2166 856 2236 δίς.

327 2266 437 2329 LXIII.
461 2267 497 2329 τά
520 2268 551 2330 δέ
575 2270 785 2353 δικαστήρια
803 2268 1046 2354 [κ]ληρ[οδ]σ[ιν]
1070 2270 1097 2332 οἱ
1115 2256 1137 2333 θ
1153 2269 1293 2353 ἄρχοντες
1310 2267 1382 2331 κατὰ
1399 2269 1503 2348 φυλάς,
1546 2272 1556 2329 l

190 2440 205 2490 θ
223 2445 323 2509 πρῶτον
343 2436 356 2490 δ
374 2438 464 2507 δῆμος]
484 2438 658 2506 fragmentum
678 2458 775 2495 novum
796 2443 846 2494 huc
865 2444 943 2495 attuli
962 2447 998 2509 (p.
1013 2442 1047 2495 30
1065 2443 1092 2494 in
1105 2442 1135 2508 L,
1155 2458 1194 2493 κν.
1210 2439 1333 2507 28-34).
1367 2446 1468 2511 πρῶτον
1488 2442 1557 2507 (siue

190 2529 244 2596 μέν)
332 2522 378 2579 εἶθ’
399 2528 468 2579 sicut
489 2524 547 2599 [ίερί
566 2525 639 2598 ζῳων
659 2548 716 2602 μορ.
738 2532 760 2594 l,
780 2530 889 2583 nauata
997 2533 1012 2583 θ
1037 2529 1097 2582 δέκα
1116 2528 1289 2598 προστίθενται
1309 2545 1342 2580 ex
1362 2530 1439 2597 signo
1461 2531 1483 2591 1,
1503 2531 1519 2581 i.
1535 2547 1556 2582 ο.

190 2617 269 2681 oboli,
287 2617 353 2668 mala
366 2613 500 2668 intellectu
515 2622 604 2668 natum
620 2633 678 2670 esse
692 2618 767 2670 docel
779 2618 832 2684 Bl.;
852 2619 896 2671 sud
910 2619 938 2670 iu
952 2619 1060 2686 papyris
1073 2618 1238 2686 aegyptiacis
1252 2617 1356 2685 signum
1376 2617 1448 2669 oboli
1461 2647 1493 2653 —
1508 2623 1556 2669 est.

190 2710 230 2758 eat
247 2706 336 2773 patius
355 2704 482 2756 scholium
502 2705 702 2773 interpretantis
722 2707 792 2774 quod
812 2708 901 2760 decem
921 2707 1080 2776 prytauibus
1100 2707 1187 2758 dacem
1209 2706 1414 2757 numerabantur
1432 2705 1503 2757 oboli

193 2795 223 2847 10
234 2794 366 2862 τετταρας]
379 2793 553 2861 fragmentum
568 2795 645 2846 alium
661 2813 705 2864 ρας
719 2795 769 2858 hic,
788 2800 814 2847 et
827 2795 855 2847 in
868 2811 946 2848 versu
960 2796 1079 2863 proximo
1096 2812 1146 2863 μην
1160 2795 1240 2846 habet
1332 2793 1362 2843 12
1376 2793 1487 2845 διπνουσι
1502 2793 1520 2844 L

192 2884 222 2935 ll
241 2882 396 2951 λαμβάνουσι
415 2897 428 2933 ο
448 2896 501 2948 seq.
520 2881 600 2934 νοτδο
619 2882 796 2950 supplendum
816 2899 874 2935 essa
895 2883 1010 2946 vidntur3
1036 2890 1127 2935 contra
1152 2882 1199 2944 Ill,
1227 2880 1309 2933 Ιί-θί3
1332 2883 1387 2949 (qui
1411 2883 1555 2934 clausulam

190 2971 221 3024 da
239 2969 394 3023 athlothetis
413 2975 443 3020 ut
462 2970 494 3020 ab
515 2968 563 3022 hoc
582 2970 638 3023 loco
658 2970 771 3024 alienam
790 2975 963 3036 summovent)
1109 2971 1140 3022 18
1158 2989 1190 3022 τα
1209 2969 1258 3034 δίε)
1277 2986 1308 3020 τα
1329 2969 1346 3020 Ι,

189 3127 233 3184 τὰς
252 3125 396 3194 έπειγοθσας
415 3127 557 3195 θπηρεσίας,
582 3123 621 3196 ἐφ’
641 3126 679 3185 αἶς
698 3130 741 3179 καί
760 3128 846 3196 ταμίαι
864 3129 929 3185 τινές
948 3128 1148 3199 έχειροτονοῦντο
1239 3129 1283 3192 της
1307 3130 1352 3191 μέν
1372 3121 1490 3195 Παράλου
1515 3129 1558 3178 καὶ

191 3212 340 3281 Σαλαμινίας
369 3216 394 3266 ἐν
421 3216 491 3284 τρίτη
516 3213 666 3286 μνημονεθει
690 3214 845 3287 Θουκυδίδης
868 3217 911 3268 καί
933 3213 1115 3284 Ἀριστοφάνης
1138 3213 1164 3264 έν
1178 3209 1298 3281 Ὄρνισιν.
1333 3208 1508 3284 Ἀριστοτέλης
1532 3214 1557 3267 δὲ

188 3298 358 3371 Ἀμμωνιάδα
377 3298 526 3372 (Ἀμοριάδα
547 3303 612 3367 eud„
632 3320 697 3355 corr.
717 3305 806 3370 Μυῖαν)
826 3304 869 3355 καὶ
889 3299 1004 3375 ίΙοίραλον
1024 3301 1082 3354 οἶδε.

281 3390 312 3442 18
340 3390 426 3443 Schol.
450 3391 585 3459 aristoph.
610 3391 679 3443 Plut.
699 3391 749 3443 277
770 3391 852 3458 (RV):
883 3391 908 3443 έν
927 3397 981 3448 ταῖς
997 3385 1121 3459 Ἀθήναις
1140 3386 1222 3441 πολλὰ
1240 3389 1271 3459 τ’,ν
1290 3389 1447 3460 δικαστήρια,
1470 3391 1513 3443 καὶ
1532 3393 1557 3442 ἐν

189 3479 237 3530 τισί
256 3481 302 3546 μέν
321 3476 435 3538 ἐδίκαζον
456 3479 509 3550 περί
528 3485 641 3548 φονικῶν
662 3480 824 3547 πραγμάτων,
848 3481 873 3531 έν
896 3480 945 3532 τισί
968 3478 993 3531 δέ
1016 3480 1071 3547 περὶ
1095 3477 1250 3546 δημοτικῶν.
1288 3478 1394 3530 ἕκαστον
1414 3479 1439 3530 δέ
1459 3477 1558 3531 τοθτων

190 3568 255 3640 εἶχεν
275 3567 300 3619 έν
319 3574 413 3619 τιτῶν
433 3568 564 3636 στοιχείων
585 3567 664 3620 ίδικδν
688 3567 776 3635 ὄνομα.
814 3567 866 3620 οἷον
890 3568 921 3638 ι’,ν
945 3587 967 3620 τι
990 3574 1041 3620 τῶν
1066 3567 1234 3636 δικαστηρίων
1257 3566 1391 3635 λεγόμενον
1415 3586 1439 3631 α,
1464 3564 1558 3634 δμοίως

191 3655 253 3707 ἄλλο
273 3655 297 3725 β,
321 3653 382 3707 ἄλλο
402 3656 427 3707 δέ
446 3675 468 3725 γ,
493 3659 535 3710 καὶ
554 3657 611 3725 ἑξῆς
630 3658 658 3710 τὸ
682 3658 694 3708 δ
715 3658 758 3708 καί
777 3655 806 3707 τὸ
825 3674 837 3707 ι
855 3655 904 3713 ἕως
922 3659 967 3707 τοῦ
987 3675 1011 3706 κ.
1048 3654 1109 3706 δέκα
1133 3655 1178 3724 γάρ
1203 3656 1234 3725 ήκ
1253 3655 1401 3726 δικαστήρια
1424 3657 1455 3707 τά
1478 3657 1558 3707 πάντα

191 3744 216 3796 ἐν
233 3739 365 3813 Ἀθήναις.
403 3744 446 3796 καὶ
465 3744 511 3816 πρὸ
531 3744 616 3814 θυρῶν
635 3744 661 3796 δὲ
681 3746 789 3796 ἑκάστου
808 3742 969 3814 δικαστηρίου
988 3744 1125 3812 ἐγέγραπτο
1145 3745 1233 3813 πυρρηῖ
1257 3744 1370 3813 βάμμασι
1389 3743 1417 3795 τὸ
1437 3750 1559 3812 στοιχεῖον

192 3829 213 3900 ᾤ
232 3850 280 3884 τινι
298 3831 327 3883 τὸ
347 3831 506 3903 δικαστήριον
526 3833 680 3900 ὠνομάζετο.
718 3832 771 3885 ὅσοι
791 3833 815 3884 δέ
835 3831 949 3885 δικασταί
968 3831 1032 3901 ήσαν
1051 3832 1076 3884 ἐν
1092 3827 1223 3901 Ἀθήναις,
1248 3832 1353 3889 ἕκαστος
1372 3831 1433 3884 καθ’
1452 3832 1558 3884 ἕκαστον

192 3919 351 3990 δικαστήριον
370 3920 422 3993 εἶχε
441 3921 526 3973 δέλτον
545 3923 693 3988 (sequentia
706 3937 755 3973 om.
771 3921 804 3984 R)
822 3921 935 3973 τουτέστι
948 3921 1071 3985 πινάκιον,
1091 3917 1151 3990 ένῷ
1171 3921 1372 3990 ἐγγεγραμμένον
1391 3920 1422 3990 ήν
1435 3919 1464 3971 τὸ
1478 3919 1559 3987 ὄνομα

192 4008 270 4061 αὺτοῦ
294 4009 400 4060 καὶτοῦ
424 4008 593 4078 δικαστηρίου.
637 4012 687 4082 εἶχε
710 4010 735 4061 δέ
759 4012 802 4062 καί
826 4009 917 4080 ῥοίβδου
942 4007 994 4076 ίίμα
1018 4009 1077 4076 (leg.
1096 4008 1234 4080 δμίγροον)
1258 4013 1295 4078 τῳ
1319 4008 1435 4078 πινακίῳ,
1464 4008 1506 4060 καί
1534 4008 1559 4059 έν

192 4097 257 4168 αθτή
276 4115 307 4168 τη
328 4095 412 4166 ῥάβδῳ
431 4097 462 4167 ήν
480 4097 509 4149 τὸ
529 4097 608 4166 ὄνομα
627 4098 688 4165 (lag.
709 4101 821 4167 γράμμα)
840 4103 885 4149 τοῦ
898 4097 1059 4167 δικαστηρίου
1073 4096 1281 4166 ἐγγεγραμμένον.
1310 4094 1350 4149 ὅτε
1370 4095 1414 4149 οθν
1433 4096 1560 4165 συνέβαινε

192 4185 278 4255 καιρὸς
297 4189 342 4237 τοῦ
362 4185 477 4248 δικάζειν,
501 4186 609 4258 ήργοντο
628 4189 720 4243 πάντες
743 4188 766 4238 οί
785 4186 897 4238 δικασταί
916 4186 950 4242 είς
969 4185 1015 4254 τήν
1034 4185 1125 4255 ἀγορὰν
1148 4187 1223 4238 κάκεῖ
1246 4184 1356 4254 κλήρους
1379 4183 1493 4252 ἔβαλλον,
1516 4185 1559 4235 καὶ

192 4273 259 4332 δστις
277 4272 331 4338 [ἂν]
350 4272 488 4343 ἐκληροῦτο
508 4275 603 4344 κληρον
622 4276 712 4346 ἔχοντα
725 4275 753 4326 τδ
766 4293 789 4335 α,
810 4276 938 4346 ἀπήρχετο
953 4274 986 4331 είς
1006 4274 1033 4326 τὸ
1052 4272 1247 4344 αδικαστήριον,
1267 4271 1361 4341 δμοίως
1380 4274 1414 4331 εές
1433 4272 1461 4324 τὸ
1483 4274 1497 4341 β
1517 4274 1559 4324 καί

192 4363 223 4414 τά
241 4360 339 4431 ἑφεξῆς.
377 4361 518 4432 [άπήργετο
538 4363 575 4428 δέ]
595 4366 638 4415 καί
657 4369 757 4434 πρῶτον
777 4365 822 4431 μὲν
843 4362 953 4415 ἐδείκνυε
976 4364 1014 4431 τῷ
1031 4362 1124 4430 κήρυκι
1147 4367 1192 4414 τοῦ
1214 4360 1375 4432 δικαστηρίου
1397 4361 1441 4413 τὸν
1465 4360 1559 4430 κλῆρον

191 4456 237 4504 τοῦ
260 4449 393 4521 στοιχείου,
421 4449 434 4502 δ
457 4450 483 4502 δέ
507 4451 586 4520 κῆρυξ
610 4451 695 4504 λοιπὸν
719 4451 800 4504 ἐδίδου
824 4451 893 4520 αὐτῷ
917 4452 946 4504 τὸ
970 4453 1083 4504 πινάκιον
1105 4449 1183 4503 αὐτοῦ
1207 4451 1250 4502 καὶ
1274 4450 1375 4521 βοίβδον,
1402 4450 1455 4502 εἶτα
1479 4447 1560 4506 οθτως

192 4537 312 4599 ἐδίκαζεν.
350 4539 372 4590 εί
391 4537 416 4589 δέ
435 4557 472 4596 τις
490 4538 610 4608 δικαστής
628 4536 704 4611 είσήει
724 4541 758 4608 μή
783 4537 926 4609 κληρωθελς
949 4540 982 4597 είς
1005 4539 1033 4591 τδ
1057 4539 1225 4608 δικαστήριον,
1249 4545 1413 4609 κατηγορεῖτο
1437 4538 1480 4589 καί
1503 4538 1559 4606 ἐζη-

193 4632 281 4696 μιοῦτο
300 4626 434 4697 διαφόρως.
918 4690 921 4694 ⁴

282 4715 366 4768 Schul.
386 4716 467 4767 Arist.
487 4716 566 4783 Vesp.
585 4717 636 4769 775
657 4717 715 4783 (Vlz
822 4715 914 4774 ἄλλως.
960 4715 1044 4785 ἐπειδὴ
1074 4715 1226 4785 θεσμοθέται
1250 4717 1294 4768 καί
1317 4716 1421 4773 δέκατος
1445 4714 1457 4768 δ
1482 4734 1558 4784 γραμ·

193 4804 284 4872 ματεθς
303 4803 425 4874 κληροῦσι
443 4806 501 4862 τοὺς
521 4803 637 4862 δικαστὰς
656 4808 714 4863 τοὺς
733 4810 779 4873 τῆς
798 4803 875 4874 αὐτῆς
894 4803 975 4874 φυλής
995 4805 1108 4862 ἕκαστος.
1145 4803 1231 4857 Sahal.
1245 4805 1289 4855 Ar.
1304 4804 1371 4856 Plnt.
1392 4803 1442 4854 ‘277
1462 4803 1560 4868 (lunt.)

194 4930 242 4945 ...
263 4892 316 4945 εἶτα
335 4893 359 4944 οἰ
379 4891 528 4959 θεσμοθέται
548 4896 614 4945 κατὰ
632 4892 715 4962 φυλήν
735 4893 840 4951 ἕκαστος
859 4894 902 4945 καί
921 4893 1027 4951 δέκατος
1044 4893 1232 4965 δγραμματεδς
1246 4893 1368 4963 έκλήρουν
1382 4893 1413 4944 τοί
1426 4893 1561 4962 γράμματα

195 4981 268 5055 μέχρι
286 4985 331 5034 τοῦ
350 5001 374 5034 κ.
