3510 5610
380 330 607 384 ARISTOTELIS
627 332 690 384 RES
709 331 855 384 PUBLIOA
877 331 1137 385 ATHENIENSIUM
1157 331 1397 386 LV1113-L1x3
1529 333 1570 396 69

263 501 282 522 Μ

261 524 278 565 ο
304 504 411 586 εἰσάγει
434 506 513 574 δίκας
540 507 590 575 τάς
612 529 642 568 τε
665 510 714 569 τοῦ
739 505 946 590 άποψσψτασίου
969 510 1016 569 καὶ
1043 504 1275 591 ἀπροστασψί]ου
1299 507 1347 570 καὶ
1368 506 1485 590 κλήρων
1499 530 1525 582 p.
1535 514 1568 567 29

259 609 307 671 καὶ
328 611 493 693 ἐπικλήρων
517 615 576 678 τοῖς
599 611 750 692 μετοίκοις,
775 613 822 674 καὶ
844 609 920 674 πάλλ’
942 610 998 674 ὅσα
1020 616 1079 680 τοῖς
1101 611 1230 679 πολίταις
1251 612 1267 673 ὁ
1290 610 1403 696 άρχων,
1426 614 1517 674 ταῦτα

257 717 317 780 τοῖς
338 715 481 794 μετοίκοις
503 715 518 776 ὀ
542 714 738 800 πολέμαρχος.

342 818 420 881 LIX.
449 819 476 881 οἱ
503 820 536 882 δὲ
563 818 779 902 θεσμοθέται
810 823 924 903 πρῶτον
948 819 1000 902 μὲν
1023 823 1073 881 τοῦ
1097 820 1261 904 προγράψαι
1283 819 1319 882 τά
1342 819 1515 904 δικαστήριά
1556 827 1567 883 l

222 919 311 986 πεῖσι
343 921 434 1004 κύριοι
467 925 538 986 τίσιν
572 923 694 1008 ἡμέραις
728 925 774 986 δεῖ
804 924 939 998 δικάζειν,
974 921 1074 987 ἔπειτα
1100 928 1151 987 τοῦ
1179 926 1277 987 δοῦναι
1303 928 1366 992 ταῖς
1392 923 1512 1008 ἀρχαῖς·

256 1022 357 1087 καθότι
380 1025 435 1110 γάρ
458 1025 491 1089 ἀν
515 1025 594 1089 οὖτοι
617 1029 715 1101 δῶσιν,
739 1027 812 1090 κατά
835 1030 918 1090 τοῦτο
935 1031 1073 1112 χριῖινται.
1163 1025 1204 1091 ἔτι
1220 1029 1252 1090 δὲ
1268 1027 1319 1096 τάς
1335 1027 1514 1110 εἰσαγγελίας
1551 1037 1568 1091 2

255 1127 487 1209 είσαγγέλλουσιν
514 1131 556 1200 εἰς
581 1132 630 1193 τὸν
660 1134 752 1215 δῆμον
781 1133 829 1194 καί
857 1131 906 1202 τὰς
934 1132 1185 1216 καταχειροτονίας
1209 1133 1257 1196 καί
1284 1131 1335 1200 τάς
1367 1132 1513 1216 προβολὰς

258 1231 372 1300 ἁπάσας
396 1233 557 1314 εἰσάγουσιν
579 1234 689 1318 οὖ[τ]οι
712 1235 759 1299 καὶ
782 1235 894 1319 γραφάς
918 1235 1095 1319 παρανόμων
1119 1237 1167 1299 καῖ
1190 1234 1277 1318 νόμον
1293 1236 1334 1318 μὴ
1351 1235 1513 1317 ἐπιτήδειον

256 1335 348 1396 θεῖναι
373 1337 420 1398 καὶ
444 1339 616 1422 προεδρικήν
639 1340 685 1401 καὶ
709 1337 894 1422 ἑπιστατικήν
918 1341 966 1402 καί
989 1344 1160 1424 στρατηγοῖς
1182 1337 1316 1406 εὐθύνας.
1402 1339 1459 1402 εἰσί
1481 1341 1513 1402 δὲ
1549 1348 1565 1403 3

209 1458 238 1503 ιο
256 1438 304 1500 καὶ
327 1441 434 1523 γραφαὶ
458 1442 530 1524 πρὸς
551 1441 657 1510 αὐτοὺς
680 1441 721 1503 ὧν
743 1443 923 1526 παράστασις
944 1442 1064 1525 τίθεται,
1088 1442 1181 1511 ξενίας
1203 1443 1251 1506 καί
1273 1442 1452 1526 δωροξενίας,
1478 1442 1512 1507 ἀν

203 1665 215 1716 l
236 1664 400 1733 ἀποστασίου]
415 1684 432 1717 π
445 1680 525 1733 super
538 1666 641 1719 lituram
655 1682 703 1719 scr.
717 1665 750 1718 λ*
830 1664 833 1670 '
857 1683 901 1718 και
913 1682 1079 1735 απροστασιου
1093 1682 1143 1720 om.
1158 1664 1201 1732 ΙΝ,
1214 1684 1258 1719 και
1270 1680 1421 1737 προστασισυ
1434 1683 1565 1736 suprascr.

203 1752 240 1814 11⁴,
259 1753 303 1804 καί
322 1752 488 1820 ἀπροστασίου
510 1753 587 1820 Ῑίυιρ.
705 1755 721 1806 7
741 1754 938 1823 είσαγγέλλουσιν
957 1754 992 1811 είς
1010 1753 1053 1806 τάν
1073 1753 1153 1824 δῆμον
1173 1754 1224 1808 del.
1244 1755 1325 1821 K·W,
1344 1754 1390 1809 sed
1409 1755 1565 1809 confirmant

201 1839 264 1892 Poll.
284 1845 309 1892 σί
328 1840 404 1893 Phot.
424 1844 459 1905 (ν.
479 1842 587 1905 testim.)
729 1844 971 1912 κ(ατα)χειροτονιαν
990 1842 1032 1907 L‘,
1050 1858 1115 1896 corr.
1134 1841 1167 1895 L⁴

472 1983 601 1990 ——--.

199 2068 262 2121 ἀλλά
396 2071 432 2137 τῷ
457 2067 610 2139 πολεμάρχῳ
634 2068 659 2121 δέ
683 2067 737 2122 ἀσαι
760 2069 913 2122 ἀποστασίου
937 2069 1035 2141 γραφήν
1059 2069 1157 2142 ἔφερον,
1180 2069 1216 2123 ἔτι
1239 2070 1289 2141 μὴν
1312 2071 1355 2124 καί
1378 2069 1424 2124 ὅσα
1446 2068 1565 2143 δάρχων

200 2157 248 2226 [ἐν]
267 2166 319 2216 τοῖς
338 2160 428 2221 ἀστοῖς,
448 2157 460 2210 ὁ
480 2157 639 2230 πολέμαρχος
657 2166 707 2216 τοῖς
726 2160 853 2226 μετοίκοις
871 2157 957 2230 διήτει.
994 2160 1069 2212 Ρίιοί.
1082 2157 1213 2228 Αυκαμβίς
1231 2158 1310 2228 ἀρχήε
1329 2164 1374 2211 τοῦ
1393 2159 1564 2233 πολεμάρχου.

199 2247 314 2315 ψυχρῶς·
334 2246 386 2298 ἐπεὶ
405 2245 558 2315 ἐπολέμησεν
575 2241 727 2318 ’.λρχίλοχος
744 2246 937 2316 τηῖΛυκάμβει.
974 2247 1014 2298 ἐπὶ
1033 2246 1059 2298 δὲ
1077 2245 1168 2299 τοίιτου
1187 2248 1337 2299 ἀποστασίου
1357 2247 1400 2299 καὶ
1419 2247 1564 2320 ἐπικλήρων

197 2333 342 2403 (ἐπικλήρου
362 2336 430 2398 cod.)
453 2336 479 2386 αί
503 2334 569 2386 δίκαι
595 2335 729 2404 ὑπήγοντο.
767 2336 880 2403 Ilesych.
908 2334 1040 2404 Λυκαμβὶς
1063 2335 1142 2405 άρχήε
1167 2331 1324 2404 δΚρατῖνος
1347 2334 1373 2386 ἐν
1392 2331 1497 2403 Νόμοις,
1520 2336 1564 2389 τάν

198 2421 355 2494 πολέμαρχον
375 2421 468 2491 δηλῶν,
488 2421 548 2493 πρὸς
568 2421 617 2485 θ<ν>
635 2422 809 2493 ἀπεγράφοντο
829 2425 873 2480 τάς
891 2427 935 2475 τοῦ
955 2423 1106 2475 ἀποστασίου
1124 2423 1202 2479 δίκας.
1233 2420 1384 2491 Λυκαμβίάα
1402 2421 1428 2474 δέ
1447 2423 1499 2476 εἶπε
1518 2425 1565 2494 τὴν

197 2511 332 2580 ἀρχήν...
351 2541 383 2548 -
403 2510 490 2563 Schol.
505 2511 583 2562 Arist.
597 2511 677 2579 Vesp.
693 2511 784 2578 1042(
811 2511 870 2578 )ώς
888 2512 932 2564 τὸν
950 2511 1122 2584 πολέμαρχον]
1135 2510 1216 2580 ὄνομα
1228 2510 1317 2582 ἀρχῆς.
1345 2510 1375 2564 σίι
1387 2518 1439 2569 τοῖς
1452 2510 1564 2571 πολίταις

197 2603 272 2650 τοῦτο
290 2599 427 2670 προσῆψεν,
446 2598 510 2650 ἀλλά
529 2607 580 2656 τοῖς
600 2597 685 2658 ξένοις.
723 2600 747 2651 αἱ
771 2601 818 2669 γάρ
844 2599 937 2660 ξενικαὶ
959 2598 1025 2652 δίκαι
1049 2600 1088 2652 ἐπὶ
1111 2604 1155 2652 τοῦ
1180 2599 1341 2671 πολεμάρχου
1364 2600 1501 2669 είσήγοντο.
1539 2602 1563 2654 οἱ
1638 2657 1640 2660 ,

196 2687 221 2738 δὲ
240 2688 282 2738 καί
302 2686 420 2756 βοηθείας
438 2687 551 2755 δεόμενοι
570 2689 609 2740 ἐπί
622 2688 669 2756 τήν
683 2688 765 2759 ἀρχὴν
779 2689 933 2759 κατέφευγον
946 2693 992 2740 τοῦ
1005 2688 1176 2762 πολεμάρχου.
1206 2687 1269 2740 ἀλλά
1288 2691 1331 2740 καί
1349 2689 1398 2752 (sie
1417 2688 1561 2742 deteriores

197 2773 280 2832 άλλως
294 2775 325 2839 V)
345 2776 368 2827 σί
387 2782 585 2845 κατηγοροῦντες
603 2777 698 2845 γονέων
712 2778 852 2834 κακώσεως
866 2776 926 2846 πρὸς
939 2776 983 2829 τάν
996 2777 1157 2847 πολέμαρχον
1171 2775 1315 2836 ἐδικάζοντο
1328 2777 1445 2834 κάκεῖνος
1457 2776 1561 2847 ἔκρινεν.

282 2865 299 2915 4
328 2863 405 2931 Ηειρ.
425 2880 483 2917 εν.
514 2864 675 2933 θεσμοθέταις
776 2862 828 2918 ὁδ’
848 2864 1024 2936 Ἀριστοτέλης
1043 2865 1069 2916 έν
1087 2866 1122 2936 τῇ
1136 2861 1284 2934 Ἀθηναίων
1307 2863 1419 2934 πολιτείᾳ
1438 2864 1562 2938 διέρχεται

195 2951 240 3005 ὅσα
259 2951 328 3004 οὗτοι
346 2954 504 3022 πράσσουσιν.
534 2954 673 3006 [³011.V111
694 2955 726 3008 87
747 2955 796 3025 ίδίρ
814 2954 840 3006 δὲ
859 2955 881 3007 οἱ
900 2955 946 3022 μέν
963 2952 1115 3022 θεσμοθέται
1134 2955 1303 3023 προγράφουσι
1320 2952 1381 3006 πότε
1399 2953 1437 3006 δεῖ
1453 2953 1561 3015 δικάζειν

194 3043 224 3091 τά
243 3040 390 3108 δικαστήρια
412 3042 455 3093 καὶ
478 3042 523 3099 τάς
545 3040 696 3110 εἰσαγγελίας
715 3040 911 3111 είσαγγέλλουσιν
934 3043 969 3100 είς
991 3041 1036 3094 τὸν
1059 3040 1139 3110 δῆμον
1159 3041 1202 3093 καὶ
1219 3040 1264 3097 τάς
1282 3039 1435 3112 χειροτονίας
1454 3043 1498 3095 καὶ
1516 3045 1561 3100 τάς

194 3127 317 3197 προβολάς
330 3129 454 3196 είσάγουσι
473 3131 515 3181 καὶ
534 3133 577 3186 τάς
596 3136 648 3182 τῶν
668 3129 820 3198 παρανόμων
839 3130 934 3200 γραφάς
952 3131 994 3181 καὶ
1014 3130 1038 3183 εί
1048 3147 1084 3186 τις
1097 3130 1132 3198 μὴ
1146 3128 1284 3198 ἐπιτήδειον
1298 3129 1375 3196 νόμον
1388 3129 1505 3200 γράψειεν
1518 3133 1561 3183 καί

194 3225 341 3285 στρατηγοῖς
354 3213 465 3273 εθθῦνας.
494 3216 603 3284 γίνονται
616 3216 641 3268 δὲ
656 3216 717 3286 πρὸς
730 3215 821 3273 αίιτοθς
833 3217 926 3286 γραφαί
938 3215 1017 3276 ξενίας
1030 3216 1177 3285 δωροξενίας
1190 3215 1279 3286 δώρων
1294 3217 1461 3284 συκοφαντίας
1471 3216 1560 3287 ψευδο-

193 3304 311 3373 κλητείας
330 3305 518 3375 ψευδεγγραφής
538 3305 693 3374 βυυλεάσεως
712 3306 833 3374 ἀγραφίου
848 3305 969 3377 μοιχείας.
1000 3305 1125 3373 είσάγουσι
1143 3304 1169 3355 δέ
1188 3305 1231 3354 καί
1244 3303 1392 3370 δοκιμασίαν
1405 3312 1459 3362 ταῖς
1472 3305 1561 3376 ἀρχαῖς

193 3395 235 3446 καί
254 3392 310 3450 τοῖος
328 3393 549 3462 ἀπεψηφισμένους
568 3395 610 3444 καὶ
628 3394 672 3450 τάς
691 3394 720 3444 ἐκ
739 3397 784 3462 τῆς
804 3391 896 3461 βουλῆς
915 3392 1084 3460 καταγνώσεις
1102 3393 1145 3444 καί
1164 3391 1233 3448 δίκας
1252 3392 1390 3462 έμπορικάς
1409 3393 1450 3444 καί
1470 3394 1559 3460 μεταλ·

192 3481 264 3538 λικάς
283 3482 325 3533 καὶ
344 3482 387 3532 έάν
407 3480 493 3538 δοῦλος
513 3488 602 3538 κακῶς
622 3481 728 3551 άγορείιή
743 3480 785 3533 τὸν
800 3478 941 3550 ε’λεὺθερον,
960 3481 1003 3531 καὶ
1023 3487 1075 3536 ταῖς
1088 3480 1177 3553 ἀρχαῖς
1190 3479 1350 3558 έπεκληροῦσι
1368 3481 1400 3531 τά
1413 3480 1559 3551 δικαστήρια

192 3573 223 3622 τά
236 3589 263 3622 τε
277 3569 325 3621 ίθια
339 3571 381 3622 καὶ
393 3571 424 3621 τά
437 3569 554 3637 δημόσια,
573 3570 616 3621 καὶ
628 3571 660 3620 τά
674 3568 787 3638 σύμβολα
801 3571 831 3621 τά
848 3569 911 3641 πρὸς
929 3569 973 3626 τάς
993 3567 1076 3626 πόλεις
1095 3573 1197 3638 κυραὺσι
1216 3568 1259 3620 καί
1277 3567 1347 3625 δίκας
1366 3568 1411 3626 τάς
1429 3568 1479 3621 ἀπὸ
1498 3585 1560 3638 συμ-

193 3659 275 3729 βόλων
296 3659 419 3727 εἰσάγουσι
437 3659 480 3709 καί
499 3661 543 3714 τάς
562 3663 613 3709 τών
632 3657 854 3728 ψευδομαρτυριῶν
873 3663 925 3708 τῶν
948 3657 972 3716 ἐξ
990 3653 1089 3727 ἰλρείου
1112 3658 1193 3726 πάγου
1222 3660 1313 3721 (exscr.
1334 3657 1414 3710 schol.
1434 3657 1559 3710 Aeschin.

195 3749 271 3814 1,10).
308 3748 403 3799 Glossa
422 3745 498 3798 lexici
517 3745 600 3796 Βαλίε.
620 3747 706 3812 quinti
726 3745 782 3810 (θλ
804 3744 913 3811 2ss4‚15‚
937 3747 1018 3798 deser.
1043 3746 1083 3807 Et.
1103 3747 1135 3798 M.
1154 3745 1267 3821 448,10‚
1287 3743 1460 3813 θεσμοθέταις
1491 3746 1557 3817 ἀρχή

192 3837 257 3888 ἐστιν
274 3831 412 3904 ’.λθήνησιν
432 3834 529 3905 ἀνδρῶν
548 3833 581 3892 ἐ’ξ.
619 3833 754 3884 καλοῦνται
782 3833 807 3885 δέ
836 3831 918 3891 οὕτως
942 3832 980 3886 δτι
1003 3841 1055 3886 τών
1078 3835 1165 3902 νόμων
1187 3833 1234 3902 τὴν
1258 3832 1397 3902 ἐπιμέλειαν
1421 3834 1558 3900 ἐποιοῦντο,

192 3925 283 3993 θεσμὸν
296 3924 322 3977 δὲ
335 3922 442 3975 ἐκάλουν
461 3922 503 3974 τάν
516 3921 605 3988 νόμον)
627 3923 729 3990 plenior
742 3929 829 3975 exstat
842 3924 914 3991 apud
927 3923 1014 3977 Ρίιοί.Ι
1036 3921 1196 3990 θεσμοθέταιι
1217 3922 1283 3995 ἀρχὴ
1301 3919 1440 3992 Ἀθήνησιν
1459 3922 1558 3991 ἀνδρῶν

192 4014 226 4075 ἔξ,
251 4014 275 4064 οἳ
294 4012 341 4081 τήν
365 4019 416 4063 τῶν
440 4011 526 4078 νόμων
551 4010 691 4074 ἐπιμέλειαν
714 4011 844 4062 ἐποιοῦντο
869 4013 912 4063 καὶ
935 4012 978 4068 τάς
1004 4010 1156 4080 εἰσαγγελίας
1179 4009 1339 4080 είσήγγελλον
1363 4009 1396 4067 είς
1414 4009 1457 4062 τάν
1477 4008 1557 4078 δῆμον

191 4103 233 4153 καὶ
252 4103 296 4158 τάς
314 4100 467 4172 χειροτονίας
484 4101 525 4150 καὶ
544 4100 588 4156 τάς
607 4098 732 4168 προβολάς
752 4099 848 4156 ἀπάσας
867 4100 910 4150 καί
929 4100 1025 4169 γραφάς
1042 4098 1194 4167 παρανόμων
1214 4101 1257 4152 καὶ
1275 4099 1338 4170 ήσαν
1350 4097 1486 4168 διυρθωταί
1505 4105 1557 4150 τών

190 4191 287 4257 νόμων.
325 4188 410 4240 Schol.
431 4188 497 4238 Ρίυί.
517 4188 626 4239 λ’ίιυυιίι.
646 4186 732 4238 2351)
763 4188 785 4238 οἱ
809 4187 835 4238 δὲ
860 4186 1010 4255 θεσμοθέται
1033 4188 1058 4247 ἔξ
1082 4188 1127 4240 είσι
1150 4186 1193 4238 τὸν
1217 4187 1333 4256 ἀριθμόν,
1356 4185 1400 4256 ἀφ’
1418 4186 1455 4239 ών
1478 4189 1520 4239 καί
1543 4187 1556 4240 δ

191 4280 267 4335 τίπος
285 4275 348 4328 ὅπου
367 4271 487 4346 συνήεσαν
507 4275 549 4326 καί
569 4277 703 4339 ἐσιτοῦντο,
723 4273 854 4342 θεμίστιον
868 4274 939 4340 (εἰσί)
958 4274 1085 4327 ἐκαλεῖτο·
1103 4277 1171 4347 είχον
1191 4274 1217 4327 δὲ
1232 4275 1343 4336 ἐξουσίαν
1356 4279 1399 4327 τοῦ
1413 4274 1556 4345 ὑπογράψαι

191 4368 221 4418 τά
240 4365 387 4433 δικαστήρια
407 4369 449 4415 καὶ
468 4365 512 4421 τάς
532 4362 682 4432 εἰσαγγελίας
701 4364 799 4433 είσήγον
818 4364 861 4416 καί
879 4364 923 4420 τάς
942 4364 1094 4433 χειροτονίας
1107 4365 1150 4416 καί
1163 4362 1289 4434 προβολάς
1308 4365 1350 4415 καί
1370 4365 1465 4435 γραφάς
1478 4365 1575 4435 παρα-4

190 4454 277 4522 νάμων
296 4454 339 4504 καὶ
358 4451 442 4504 ἀλλων
462 4458 546 4505 τινών.

281 4542 313 4593 10
334 4542 456 4608 ίίιιτρυιι.
477 4559 496 4591 s.
512 4557 534 4591 v.
554 4542 716 4611 παράστασιςε
742 4581 828 4594 .....
852 4538 1027 4612 ἰλριστοτέλης
1050 4537 1070 4592 δ’
1091 4542 1116 4594 ἐν
1134 4538 1280 4610 ἰλθηναίων
1299 4539 1411 4611 πολιτείᾳ
1429 4542 1484 4610 περὶ
1503 4547 1555 4592 τών

189 4631 254 4695 (τῶν
275 4629 408 4696 Ερῖίοιιιυς
434 4645 484 4680 om.
509 4629 595 4691 codd.)
620 4627 781 4694 θεσμοθετῶν
804 4628 884 4699 λέγων
909 4629 999 4698 (λέγων
1024 4629 1152 4697 Εγιῖίυιυε,
1177 4646 1226 4681 om.
1250 4629 1336 4695 codd.)
1361 4630 1434 4698 φησίν
1458 4627 1554 4686 οὕτως·

189 4715 246 4771 “elai
264 4716 290 4769 δὲ
310 4718 402 4786 γραφαί
421 4716 481 4784 πρὸς
500 4716 590 4772 αθτοθς
610 4715 645 4766 ὧν
666 4718 815 4784 παράστασις
834 4717 937 4782 τίθεται,
962 4718 1040 4778 ξενίας
1065 4718 1108 4769 καί
1127 4717 1283 4786 δωροξενίας,
1306 4718 1336 4769 ἀν
1355 4736 1390 4774 τις
1410 4715 1479 4786 δῶρα
1498 4717 1555 4774 δοὺς

190 4806 306 4877 άποφΰγη
326 4804 372 4875 τήν
386 4804 474 4866 ξενίαν,
499 4805 542 4856 καί
561 4803 749 4873 ψευδεγγραφής
773 4805 814 4857 καί
834 4805 1032 4875 ψευδοκλητείας
1055 4807 1098 4857 καὶ
1117 4804 1273 4875 βουλείισεως
1296 4807 1339 4858 καὶ
1360 4805 1482 4876 ἀγραφίου
1505 4806 1555 4869 (sic

190 4896 319 4963 Ερίιυωε,
337 4895 453 4965 ἀργυρίου
473 4894 561 4959 codd.)
581 4894 624 4943 καὶ
637 4889 766 4961 μοιχείας”
788 4932 814 4944 ,.
830 4932 835 4942 .
855 4895 1008 4961 (θρῖίυιιιειι
1023 4896 1148 4962 ιίεευιίρε.
1163 4894 1261 4947 Ρίιυί.ΙΙ
1275 4902 1300 4946 et
1313 4893 1430 4957 Suid.¹¹).
1445 4923 1476 4931 —
1493 4894 1554 4947 [τοι.

191 4983 313 5037 Οειιίσδτ.
333 4982 410 5045 θῖ4,7
431 4981 510 5043 ξενίας
529 4983 611 5052 γραφή
632 4983 673 5034 καὶ
692 4981 840 5052 δωροξενίας
859 4982 980 5054 διαφέρει·
997 4981 1178 5053 Ἀριστοτέλης
1191 4985 1216 5036 έν
1228 4978 1422 5056 τήἈθηναίων
1441 4981 1553 5051 πολιτείᾳ
