3510 5610
697 361 891 414 PRAEFATIO
1443 382 1475 416 xv

113 552 192 599 sam.
227 532 435 599 memorabile
457 532 534 597 mihi
557 532 684 598 ridetur
706 534 870 615 singulare
892 533 1111 600 abundantiae
1126 554 1237 617 genus,
1261 533 1346 619 quod
1367 535 1476 601 nescio

113 672 155 717 an
182 653 224 717 ad
252 652 394 717 indolem
421 651 558 717 hominis
586 653 840 735 pernoscendam
868 651 966 716 faciat
992 652 1172 735 plurimum.
1221 660 1256 717 ut
1285 653 1311 717 si
1341 652 1477 735 legimus

113 772 308 837 XXX1V44
330 770 364 835 ob
387 772 518 840 πιθανῶς
540 773 573 836 δὲ
595 770 656 835 οὐδ’
674 770 754 834 οὗτοι
776 772 973 856 ἐπιχειροῦσιν
993 773 1065 857 πρὸς
1079 772 1177 849 αὐτόν,
1200 770 1280 835 nihil
1295 770 1475 839 haeremus

112 898 147 956 at
169 891 290 957 delevit
311 891 383 975 ipse
404 890 554 956 librarius
576 893 648 976 πρὸς
670 890 772 967 αὐτόν,
799 891 921 956 scilicet
949 891 1025 973 quia
1052 911 1116 956 non
1139 897 1210 955 erat
1232 890 1264 954 in
1288 891 1477 975 exemplari,

112 1011 169 1076 sed
193 1031 233 1076 ex
257 1029 457 1094 supervacuo
480 1011 564 1074 ultro
587 1009 742 1074 additum.
777 1009 890 1074 eadem
914 1010 1070 1092 religione
1085 1008 1295 1074 xxxvura
1318 1012 1366 1073 τὸν
1389 1011 1476 1074 αὐτὸν

111 1133 160 1195 καὶ
177 1133 204 1193 ol
220 1131 306 1213 ἀτμοὶ
321 1130 481 1213 γιγνόμενοι
497 1131 724 1194 κατατάσσονται
739 1134 792 1192 τῶι
807 1132 921 1212 σώματι
937 1128 1057 1194 delevit
1072 1132 1300 1195 κατατάσσονται
1314 1154 1339 1193 τ.
1354 1152 1379 1194 o.
1393 1150 1477 1213 (puae

113 1269 132 1315 e
154 1249 216 1314 looi
239 1254 391 1315 contextu
413 1248 570 1313 ariolatus
592 1255 705 1314 contra
727 1251 893 1333 exemplar
914 1248 1099 1334 addiderat3
1125 1257 1158 1315 et
1180 1249 1226 1315 sic
1248 1269 1358 1334 saepe.

197 1455 292 1521 Talia
324 1476 389 1521 non
422 1463 496 1521 sunt
529 1455 668 1540 operarii
702 1455 757 1520 vix
789 1477 919 1523 sensum
952 1457 1095 1522 curantis
1126 1462 1159 1523 et
1191 1456 1291 1539 digito
1329 1457 1474 1541 syllabas
1489 1460 1578 1553 ffigffiffj

112 1574 307 1658 exemplaris
333 1575 510 1660 carpentis,
543 1575 601 1641 sed
629 1575 727 1659 paulo
756 1575 914 1641 liberioris
942 1576 1095 1658 hominis,
1128 1575 1181 1658 qui
1209 1581 1279 1641 tota
1308 1576 1476 1641 enuntiata

111 1693 261 1778 excipere
283 1700 316 1760 et
338 1703 482 1761 extrema
508 1694 677 1760 deficiente
703 1696 859 1760 memoria
886 1694 1057 1777 cogitando
1085 1696 1236 1779 supplere
1262 1697 1474 1761 consueverit.

109 1813 220 1896 itaque
250 1832 404 1879 exarasse
436 1812 517 1879 haec
545 1812 734 1880 crediderim
766 1815 1005 1879 adulescentem
1038 1813 1177 1895 aliquem
1205 1814 1384 1880 medicinae
1412 1822 1475 1879 stu-

110 1931 248 2017 diosum,
271 1934 325 2016 qui
349 1933 381 1998 in
404 1954 496 1999 suum
519 1932 579 1998 sibi
603 1954 694 1998 usum
719 1932 802 1998 banc
823 1933 978 2016 isagogen
993 1932 1198 1998 describeret.
1232 1933 1274 1999 de
1297 1933 1475 2000 medicinae

110 2050 180 2118 eius
213 2052 347 2118 scientia
376 2054 451 2117 nolo
479 2052 653 2135 quidquam
688 2053 875 2136 detrahere,
908 2044 1102 2135 quamquam
1135 2058 1233 2134 eaput
1266 2059 1298 2117 st
1329 2060 1473 2118 ventrem

110 2171 309 2238 contundere
330 2171 497 2253 (V11114)
518 2192 583 2236 non
606 2171 746 2239 cuiusvis
773 2179 831 2236 est.
876 2178 911 2235 at
937 2171 968 2235 in
997 2169 1204 2253 philosophia
1230 2171 1327 2254 plane
1354 2170 1474 2253 hospes

110 2309 183 2355 esse
216 2290 353 2373 videtur,
386 2291 412 2355 si
448 2290 542 2356 modo
574 2290 723 2376 ἐντρέχεια
749 2288 877 2355 animae
907 2290 978 2372 illa,
1012 2310 1108 2372 quam
1136 2291 1168 2354 in
1199 2291 1365 2373 prooemio
1392 2311 1475 2355 oom-

110 2407 231 2491 pluries
257 2409 370 2491 iactat,
397 2409 604 2475 Aristotelica
630 2417 680 2475 est
706 2409 897 2494 ἐντελέχεια.1
942 2429 1046 2492 noque
1072 2429 1149 2473 casu
1183 2408 1302 2472 lactum
1336 2408 1474 2492 videtur,

111 2526 198 2609 quod
221 2527 273 2592 ubi
297 2527 410 2592 iterum
433 2529 563 2594 animae
590 2529 710 2594 mentio
742 2528 861 2592 iniecta
887 2536 937 2594 est
958 2529 1071 2592 XXXI
1091 2527 1133 2589 42
1145 2547 1224 2609 sqq,
1252 2526 1339 2592 filum
1368 2528 1475 2611 dispu-

109 2645 242 2711 tationis
263 2646 514 2730 interrumpitur.
559 2648 681 2713 soilicet
703 2648 823 2713 librarii
846 2647 1003 2730 scribunt,
1027 2655 1061 2710 ut
1083 2647 1129 2711 ait
1152 2647 1383 2731 Hieronymus,
1411 2670 1473 2710 non

108 2767 193 2850 qaod
212 2768 385 2847 inveniant,
407 2768 459 2830 ced
472 2769 553 2851 quod
574 2768 761 2852 intellegunt.
797 2764 976 2831 obscuratis
991 2764 1088 2846 igitur
1110 2766 1306 2848 exemplaris
1327 2765 1473 2848 apicibus

107 2883 269 2949 interdum
292 2884 547 2968 intellegentiam
570 2907 642 2952 eum
667 2887 824 2952 defecisse
847 2891 1109 2950 consentaneum.

196 3089 245 3154 De
266 3091 406 3155 auctoris
429 3092 568 3175 nomine,
591 3098 690 3176 secta,
713 3100 833 3177 aetate,
856 3092 998 3156 fontibus
1017 3090 1218 3156 accuratiora
1233 3098 1268 3155 ut
1284 3092 1472 3175 invenirem,
1487 3099 1569 3190 Affir

106 3226 149 3271 ne
171 3227 256 3272 nuno
278 3207 406 3290 quidem
431 3211 573 3293 contigit.
619 3210 695 3292 quid
722 3209 798 3273 mibi
828 3210 930 3275 visum
958 3211 1013 3294 sit,
1041 3209 1254 3292 significatum
1283 3218 1333 3275 est.
1360 3212 1471 3277 alias².

105 3325 170 3390 boc
193 3326 278 3390 omni
301 3326 494 3394 dubitationi
517 3338 701 3415 exemptum
724 3337 774 3395 est
797 3339 869 3413 post
889 3331 1108 3396 Alexandrum
1126 3331 1339 3414 Philaletheru
1356 3332 1472 3396 Laodi-

106 3464 237 3509 censem
259 3464 332 3510 eum
355 3447 521 3531 scripsisse
543 3449 563 3513 i.
581 3470 608 3515 e.
633 3451 735 3534 prinro
759 3473 788 3534 p.
806 3451 880 3515 Chr.
898 3451 1026 3515 saeculo
1050 3449 1091 3531 (si
1115 3448 1210 3513 modo
1234 3451 1372 3533 exempli
1392 3453 1474 3516 Lon·

106 3563 252 3628 dioensis
275 3570 367 3629 aetas
390 3573 477 3632 recte
499 3588 598 3651 supra
619 3569 752 3634 definita
775 3572 839 3653 est)
861 3590 900 3634 ao
923 3577 1053 3652 praeter
1077 3566 1160 3632 bunc
1181 3569 1328 3634 Menonis
1344 3570 1473 3651 latrice,

106 3700 192 3764 quae
219 3681 278 3747 sub
305 3682 488 3750 Aristotelis
515 3688 645 3752 nomine
672 3689 701 3753 ei
729 3696 763 3753 ut
790 3688 863 3752 aliis
890 3688 1111 3767 innotuerunt,
1145 3688 1188 3751 ad
1216 3689 1471 3774 doxographiam

105 3801 224 3884 prioris
246 3804 348 3886 partis
372 3805 415 3887 (o.
434 3806 476 3870 lV
493 3806 747 3889 3l—XXX19)
769 3808 941 3890 adsumpta
964 3828 1045 3873 esse.

192 4008 330 4074 Iatricon
351 4010 572 4076 Menouiorum
594 4011 776 4094 fragmenta
798 4033 839 4078 ex
854 4012 892 4078 V.
909 4014 1018 4095 Rosur,
1041 4013 1100 4077 riri
1124 4012 1308 4096 doctissimi,
1332 4015 1579 4098 syllogismum

107 4128 331 4195 Berolinensi’
357 4135 389 4194 et
411 4129 587 4213 lipsiensi*
615 4131 764 4197 transtuli
797 4132 928 4214 (paucis
955 4140 1062 4198 tamen
1098 4133 1261 4215 mutatis),
1297 4140 1331 4197 ut
1364 4134 1470 4216 imago

106 4248 191 4315 tanti
214 4249 335 4333 operis,
362 4249 489 4332 dequo
512 4250 727 4316 Loudineusis
751 4251 865 4335 papyri
890 4251 1045 4316 beneficio
1069 4252 1132 4315 iam
1155 4252 1336 4316 accuratius
1359 4253 1472 4319 edoce·

103 4389 191 4452 mur,
219 4387 315 4449 quam
346 4367 534 4451 plenissima
560 4370 756 4436 restituatur.
801 4389 875 4434 nam
904 4370 930 4434 si
961 4370 1061 4435 latinu
1089 4370 1271 4451 fragmenta
1293 4371 1472 4453 (lv-vll)

124 4561 260 4568 ‘-·——-—--
266 4562 394 4568 ...-..-...-.-
407 4562 432 4567 -
439 4562 463 4567 .-
482 4562 503 4567 .-

179 4688 186 4719 ¹
207 4686 315 4738 Hermae
334 4688 351 4738 1.
364 4704 386 4740 e.
407 4704 432 4754 p.
446 4688 506 4739 411.

176 4774 188 4806 ²
206 4774 238 4827 ci.
259 4774 367 4824 Hermae
386 4774 403 4825 l.
417 4790 439 4826 c.
459 4791 484 4842 p.
499 4773 600 4840 tl3sq.

176 4863 187 4895 ³
206 4861 346 4913 Aristotelis
365 4880 440 4930 opera
459 4862 497 4911 erl.
516 4865 561 4911 Ac.
581 4859 614 4909 R.
639 4859 698 4911 Bor.
719 4861 739 4913 V
760 4862 851 4925 (1870)
870 4878 894 4929 p.
912 4860 976 4912 1534
996 4877 1021 4911 n.
1036 4860 1182 4911 335-341.

175 4951 185 4982 ⁴
204 4950 345 5001 Aristotelis
357 4950 503 5014 sruyrncntu
523 4948 593 5016 Lips.
611 4947 676 4999 1886
696 4965 721 5015 p.
736 4948 787 5000 ‘255
798 4963 852 5015 sqq.
873 4964 898 4999 11.
912 4947 1059 4999 373—3'1'9.
