3510 5610
411 304 638 360 ARISTOTELIS
659 305 721 358 RES
741 302 890 359 PUBLIGA
911 268 1176 358 AsnstNswu
1197 304 1375 359 v12-v113
1553 311 1570 374 7

257 485 310 567 γάρ
332 482 411 546 οῦτοι
435 501 624 564 συνεπριαντο
647 478 758 561 πολλὴν
781 479 899 563 χώραν,
926 477 976 540 καὶ
1003 473 1065 558 μετ’
1094 475 1128 539 ού
1156 479 1230 543 πολὺ
1258 484 1311 563 τῆς
1338 487 1395 544 τῶν
1420 486 1571 564 χρεῶνγιπ.)

256 587 407 668 ἀποκοπῆς
422 580 578 667 γενομένης
593 581 767 646 ἐπλούτουν·
791 578 861 644 όθεν
884 581 956 662 φασί
977 579 1114 663 γενέσθαι
1135 580 1202 649 τοὺς
1226 583 1343 666 ὕστερον
1360 587 1516 655 δοκοῦντας

217 707 219 712 ’
257 688 327 753 εἶναι
355 686 614 753 παλαιοπλούτους.
702 683 737 748 ού
771 685 829 767 μὴν
856 683 933 748 ἀλλά
959 681 1186 769 πιθ[ανόι]τερος
1219 686 1235 749 ύ
1265 691 1324 749 τῶν
1351 691 1517 773 δημοτικῶν
1554 698 1570 754 3

255 790 352 874 λόγος·
376 790 410 854 οὐ
432 788 487 873 γάρ
502 786 611 873 ε[ίκ]δς
633 787 665 852 ἐν
689 787 741 870 μέν
763 792 824 857 τοῖς
838 784 937 856 ἀλλοις
959 785 1036 850 ούτω
1053 785 1167 871 μέτριον
1182 789 1318 871 γενέσθαι
1339 795 1388 856 καί
1410 793 1516 875 κοινόν,

222 891 353 979 5[ῶ]στ’
386 893 450 964 ἐξὸν
478 891 561 977 αὐτῷ
589 892 656 960 τοὺς
683 889 829 976 έ[τ]έρους
855 890 1111 975 ῦπαποιησάμενον
1139 899 1285 977 τυραννεῖν
1311 901 1363 979 τῆς
1392 899 1515 980 πόλεως,

255 996 428 1082 ἀμφοτέροις
450 993 667 1082 ἀπεχ[θεΊσθαι
694 995 743 1058 καί
765 995 831 1080 περί
853 995 985 1065 πλείονος
1006 994 1188 1078 ποιήσασθαι
1210 999 1243 1062 τδ
1270 1001 1358 1064 καλὸν
1386 1003 1434 1065 καί
1462 1003 1514 1086 τήν

254 1105 305 1185 τῆς
331 1099 445 1170 πόλεως
471 1098 616 1183 σωτηρίαν
643 1099 662 1182 ἢ
689 1099 744 1182 τήν
770 1098 861 1163 αὑτοῦ
889 1097 1071 1180 πλεονεξίαν,
1105 1099 1135 1162 ἐν
1163 1100 1240 1165 ούτω
1268 1103 1300 1166 δὲ
1328 1109 1439 1188 μικροῖς
1466 1107 1514 1169 καί

253 1207 387 1289 φανεροῖς
410 1201 647 1289 καταρρυπαίνειν
670 1200 785 1266 έαυτόν.
873 1199 918 1265 ότι
943 1203 977 1266 δέ
997 1202 1104 1286 ταύτην
1133 1201 1205 1289 ἔσχε
1231 1206 1283 1288 τὴν
1307 1206 1449 1288 ἐξουσίαν,
1477 1211 1514 1271 τοί
1549 1218 1567 1272 4

254 1331 286 1372 τε
311 1309 467 1393 πράγματα
493 1310 633 1370 νοσοῦντα
661 1309 814 1392 μαρτυρεῖ,
841 1305 889 1370 καί
916 1305 947 1370 ἐν
974 1308 1035 1376 τοῖς
1060 1308 1218 1392 ποιήμασιν
1248 1308 1335 1380 αύτδς
1362 1315 1514 1398 πολλαχοῦ

205 1432 235 1480 10
254 1411 394 1495 μέμνηται
416 1413 465 1476 καὶ
487 1412 516 1475 οἱ
537 1410 621 1476 ἀλλοι
636 1413 864 1496 συνομολογοῦσι
880 1411 995 1479 πάντες.
1033 1411 1139 1496 ταύτην
1164 1413 1216 1492 μὲν
1240 1411 1290 1478 ούν
1312 1415 1372 1500 χρὴ
1389 1416 1513 1498 νομίζειν

253 1517 347 1601 ψευδῆ
368 1515 421 1599 τὴν
443 1515 536 1579 αἰτίαν
558 1514 642 1580 εἶναι.

338 1619 408 1684 VH.
430 1619 574 1684 πολιτείαν
597 1619 630 1685 δέ
652 1618 815 1704 κατέστησε
837 1621 885 1684 καί
907 1618 1013 1700 νόμους
1034 1616 1142 1705 έθηκεν
1166 1621 1280 1705 ἀλλους,
1304 1627 1364 1692 τοῖς
1386 1623 1419 1686 δὲ
1440 1625 1512 1708 Δρά·
1555 1633 1564 1688 1

253 1747 351 1794 κοντος
374 1724 496 1807 θεσμοῖς
518 1724 682 1789 ἐπαύσαντο
704 1725 855 1809 χρώμενοι
877 1725 953 1808 πλὴν
975 1728 1035 1788 τῶν
1057 1730 1194 1809 φονικῶν.
1240 1726 1456 1811 ἀναγράφοντας
1480 1729 1512 1792 δὲ

254 1828 319 1899 τοῦς
340 1826 449 1912 νόμους
471 1829 513 1896 εἰς
534 1827 602 1898 τοῦς
623 1828 738 1914 κύρβεις
760 1824 886 1913 ἔστησαν
909 1827 940 1891 ἐν
963 1831 1002 1912 τῇ
1025 1835 1097 1913 στοᾷ
1121 1829 1311 1913 ιῇβασιλιίῳ
1328 1831 1376 1893 καὶ
1392 1831 1512 1913 ὤμοσαν

205 1954 232 2003 15
251 1932 418 2020 χρήσεσθαι
443 1932 558 2002 πάντες.
603 1933 631 1996 οἱ
657 1930 684 1996 δ’
711 1930 795 1997 ἐννέα
822 1932 964 2017 ἀρχοντες
993 1932 1131 2017 ὀμνύντες
1158 1933 1230 2016 πρὸς
1256 1938 1299 2017 τῷ
1328 1933 1403 2018 λιθῳ
1430 1959 1512 1999 κατε-

253 2039 372 2121 φάτιζον
394 2036 553 2120 ἀναθήσειν
575 2037 732 2121 ἀνδριάντα
753 2039 894 2122 χρυσοῦν,
917 2035 967 2100 ἐόν
982 2059 1045 2101 τινα
1059 2037 1215 2122 παραβῶοι
1230 2042 1288 2099 τῶν
1305 2035 1416 2118 νόμων·
1441 2037 1511 2103 όθεν

251 2138 293 2204 ἔτι
319 2141 369 2205 καί
396 2143 446 2202 νῦν
475 2140 568 2210 ούτως
596 2139 745 2223 ὀμνύουσι.
854 2138 1033 2224 κατέκλησεν
1061 2140 1093 2204 δὲ
1121 2139 1187 2210 τούς
1213 2138 1322 2222 νόμους
1344 2141 1386 2212 είς
1408 2141 1511 2206 ἑκατὸν
1549 2154 1565 2209 2

250 2241 301 2328 ἔτη
325 2246 372 2308 καί
401 2242 511 2312 διέταξε
537 2245 590 2328 τὴν
621 2242 766 2306 πολιτείαν
793 2240 876 2306 τόνδε
898 2240 973 2328 (τὸν)
989 2242 1103 2329 τρόπον.
1191 2243 1333 2327 τιμήματι
1351 2246 1455 2309 διεῖλεν
1470 2247 1512 2317 είς
1548 2259 1564 2316 3

200 2435 215 2486 θ
232 2435 362 2505 γινομένης
374 2433 404 2499 L,
424 2431 672 2504 quodretinstB1.;
691 2433 826 2502 γενομένης
839 2433 920 2498 K·W,
939 2431 972 2486 sl.
1062 2433 1079 2488 5
1098 2432 1162 2487 ὥστ’
1175 2434 1300 2502 Jackson,
1313 2441 1374 2490 τοδί
1464 2439 1564 2512 ἑτέρους

200 2521 246 2588 Bl.,
264 2523 297 2575 ε1.
416 2521 516 2581 πολιως
533 2539 584 2577 om.
602 2522 633 2587 L,
651 2536 782 2590 suprascr.
802 2519 834 2574 L¹
941 2520 958 2573 8
977 2522 1104 2592 φανεροῖς]
1124 2523 1201 2576 lectio
1219 2540 1273 2578 non
1293 2526 1400 2578 omnino
1418 2533 1499 2594 certa,
1517 2529 1563 2582 ssd

200 2611 317 2680 uestigiis
335 2618 399 2680 αρία
493 2629 618 2684 ρυπαινειν
636 2607 680 2678 θ’,
698 2626 765 2662 κατα
783 2624 912 2677 suprascr.
932 2608 966 2662 L¹
1072 2608 1088 2662 θ
1108 2614 1239 2682 μαρτυρεῖ]
1257 2613 1438 2685 μαρτυρουσιτο
1457 2614 1492 2668 L*
1515 2619 1564 2680 (ita

199 2697 259 2753 Wu.
277 2707 348 2752 τεοιε
368 2704 398 2752 ut
416 2698 478 2768 uid„
495 2700 541 2754 ssd
561 2700 664 2752 litterae
683 2712 706 2750 σι
725 2700 896 2766 perobscurus
914 2699 998 2764 suut),
1016 2715 1038 2750 ιι
1055 2713 1134 2766 super
1153 2716 1182 2752 ου
1200 2702 1309 2769 scripsit
1327 2702 1369 2754 L¹³
1469 2703 1501 2756 18
1520 2722 1562 2757 ταν

199 2787 285 2856 suppl.
303 2787 353 2852 Bl.,
371 2792 432 2841 cett.
573 2791 634 2842 ants
652 2785 775 2856 τιμήματι
792 2792 839 2838 αυτ
856 2785 1034 2855 supplsudum
1054 2791 1096 2840 sst
1113 2785 1142 2840 τὸ
1160 2792 1211 2840 πᾶν
1229 2786 1328 2858 πλῆθος
1351 2789 1393 2854 (cf.
1413 2791 1510 2843 testim.
1530 2808 1562 2844 εκ

198 2875 273 2944 Ηαερ.
294 2880 321 2928 st
339 2876 437 2942 Phor),
455 2881 502 2930 aut
520 2875 720 2945 intelligendum
739 2872 932 2945 τὴνπολιτείαν
951 2874 994 2942 (τί.
1014 2876 1112 2927 testim.
1132 2891 1165 2928 er
1185 2875 1299 2945 Hesyeh.
1318 2883 1345 2930 et
1364 2879 1439 2946 epit.)

287 3033 318 3088 13
336 3033 464 3102 Harpoer.
483 3048 503 3085 s.
518 3049 540 3083 ν.
560 3032 673 3105 κύρβειςι
770 3029 941 3102 Ἀριστοτέλης
960 3029 983 3083 δ’
1005 3031 1031 3083 έν
1049 3032 1083 3104 τῇ
1098 3027 1237 3102 Ἀθηναίων
1255 3031 1368 3103 πολιτείᾳ
1387 3036 1461 3106 φησίν
1484 3036 1563 3089 “uru-

197 3122 334 3191 γράψαντας
353 3120 379 3174 δέ
398 3120 455 3178 τοῦς
474 3120 569 3190 νόμους
587 3122 621 3179 είς
639 3123 698 3179 τοδς
717 3120 817 3191 κύρβεις
837 3120 943 3190 δστησαν
957 3120 983 3173 ἐν
996 3123 1029 3191 τῇ
1041 3122 1104 3191 στοᾷ
1116 3123 1148 3192 tp
1162 3118 1293 3192 βασιλείη”
1313 3122 1462 3192 (Epiturueu
1477 3141 1562 3179 exscr.

197 3209 418 3272 Ph0t¹.Suid¹.).
439 3238 471 3247 -
491 3209 560 3263 ΡΙυῑ.
580 3208 632 3262 Sol.
652 3207 686 3263 95
714 3209 785 3283 ίογδν
808 3209 835 3262 δέ
863 3217 917 3266 τοῖς
943 3207 1029 3276 νόμοις
1051 3213 1126 3260 πᾶσιν
1149 3208 1184 3265 είς
1206 3207 1298 3261 έκατδν
1321 3209 1448 3271 ἐνιαυτούς
1471 3212 1561 3266 ίδωκε.

197 3300 237 3352 καί
255 3301 449 3368 κατεγράφησαν
468 3298 503 3355 είς
521 3296 634 3358 ξυλίνους
653 3295 742 3358 ἀξονας
761 3299 787 3352 ἐν
805 3297 926 3356 πλαισίοις
944 3297 1086 3370 περιέχουσι
1099 3297 1291 3368 στρεφομένους,
1311 3297 1348 3350 ῶν
1368 3299 1404 3353 δτι
1423 3297 1481 3354 καθ’
1495 3302 1562 3372 ήμᾶς

196 3389 220 3438 ἐν
238 3386 378 3458 πρυτανείῳ
398 3383 504 3456 λείψανα
522 3387 601 3456 μικροί
619 3384 758 3456 διεσῴζετο,
783 3387 826 3440 καί
844 3383 1092 3457 προσηγορεύθησαν,
1117 3385 1153 3443 ῶς
1168 3381 1339 3456 Ἀριστοτέλης
1359 3388 1429 3456 φησί,
1452 3388 1560 3460 κύρβεις.

197 3501 225 3512 -
246 3474 333 3528 Schol.
353 3475 397 3526 Ar.
416 3475 467 3526 Ar.
488 3474 555 3528 1354
574 3476 606 3538 (V
621 3476 665 3543 R.)
687 3475 786 3546 κύρβιας
808 3473 904 3548 χαλκαῖ
925 3474 1021 3533 σανίδας
1043 3472 1104 3528 δνθα
1126 3475 1184 3532 τοῦς
1202 3475 1295 3543 νόμους
1314 3477 1458 3546 γράφουσιν.
1495 3481 1561 3530 κατὰ

195 3559 219 3613 δέ
242 3562 320 3620 ένίους
343 3561 429 3622 ἄξονες
452 3561 578 3632 τρίγωνοι,
606 3562 632 3615 ἐν
655 3563 691 3621 οίς
714 3562 777 3633 ήσαν
800 3563 823 3616 οί
846 3567 899 3615 τῶν
922 3561 1022 3616 πόλεων
1044 3564 1118 3631 νόμοι
1140 3563 1307 3634 γιγραμμίνοι
1330 3565 1374 3616 καί
1396 3565 1421 3616 αί
1444 3564 1561 3633 δημόσιαι

195 3649 323 3717 ἱεροποιίαι
342 3651 397 3716 (hic
416 3651 514 3703 desinit
533 3650 575 3717 R).
594 3649 710 3721 καθάπερ
728 3651 771 3703 καί
785 3646 965 3722 Ἀριστοτέλης
983 3651 1010 3703 έν
1028 3656 1059 3724 τῇ,
1078 3657 1131 3704 τῶν
1141 3647 1290 3721 Ἀθηναίων
1307 3650 1420 3723 πολιτεία
1439 3654 1499 3722 φησί
1518 3653 1561 3705 καὶ

194 3731 393 3806 Ἀπολλόδωρος.

281 3826 313 3879 15
335 3826 458 3893 Ηατμοττ.
477 3843 498 3880 s.
513 3843 536 3877 v.
556 3824 637 3885 λίθοςι
657 3865 717 3880 ....
737 3827 832 3880 ἐοίκασι
849 3825 876 3880 δ’
887 3824 1024 3900 Ἀθηναῖοι
1035 3827 1097 3898 πρός
1109 3847 1156 3881 τινι
1169 3827 1233 3898 λίθῳ
1247 3831 1306 3887 τοῦς
1324 3827 1415 3900 ὅρκους
1427 3827 1559 3893 ποιεῖσθαι,

194 3912 228 3970 ιὐς
246 3911 423 3982 Ἀριστοτέλης
442 3913 467 3965 ἐν
487 3916 519 3987 τῇ
535 3910 683 3984 Ἀθηναίων
703 3913 815 3986 πολιτεία
838 3917 881 3967 καί
898 3911 1041 3987 Φιλόγορος
1064 3918 1089 3969 έν
1111 3919 1149 3984 τῳ
1167 3924 1181 3984 γ
1200 3915 1412 3986 ὑποσημαίνουσιν
1432 3918 1475 3984 (ux
1489 3917 1559 3987 Epit.

193 4001 264 4054 Phor.
280 4000 387 4064 sudu)
407 4030 438 4039 -
459 4001 527 4054 Plut.
545 4003 599 4055 Sol.
614 4002 660 4056 25:
685 4002 769 4056 κοινδν
788 4007 833 4070 μέν
852 4001 896 4055 οῦν
914 4002 1014 4071 ῶμνυιν
1032 4001 1108 4073 όρκον
1125 4003 1141 4073 ή
1160 4003 1239 4073 βουλή
1256 4005 1315 4062 τοὺς
1333 4001 1449 4062 Σόλωνος
1467 4004 1560 4073 νόμους

193 4088 353 4157 ἐμπεδώσειν,
374 4088 443 4148 ίδίως
456 4091 504 4153 (sic
515 4089 649 4155 Seituust.‚
664 4091 724 4144 [διον
737 4091 828 4160 uulgo)
840 4087 862 4143 δ’
878 4090 984 4149 ἕκαστος
996 4097 1049 4143 τῶν
1062 4089 1226 4160 θεσμοθετῶν
1239 4091 1265 4143 έν
1279 4092 1357 4162 ἀγορᾷ
1370 4091 1430 4162 πρὸς
1444 4093 1482 4162 τιβ
1494 4091 1558 4163 λίθῳ

193 4177 379 4248 καταφατίζων,
399 4177 423 4230 τί
439 4195 462 4229 τι
481 4177 607 4248 παραβαίη
627 4184 680 4230 τῶν
693 4175 795 4246 θεσμῶν
809 4177 941 4250 ἀνδριάντα
954 4181 1062 4251 χρυσοῦν
1076 4177 1239 4250 ἰσομέτρητον
1258 4177 1392 4250 ἀναθήσειν
1406 4181 1431 4232 ἐν
1444 4177 1558 4251 Δελφοῖς.

281 4266 312 4318 18
332 4266 456 4333 Harpocr.
476 4282 497 4318 s.
512 4283 535 4316 ν.
560 4267 649 4325 ίππαίςι
776 4263 955 4337 Ἀριστοτίλης
978 4262 1003 4318 δ’
1023 4266 1050 4319 ἐν
1073 4267 1105 4338 τῇ
1120 4262 1269 4336 Ἀθηναίων
1292 4266 1403 4337 πολιτείᾳ
1427 4271 1501 4340 φησίν
1521 4268 1559 4322 ὅτι

193 4349 280 4406 Σόλων
299 4354 334 4411 είς
357 4354 464 4422 τέτταρα
487 4353 560 4406 διεῖλε
584 4353 644 4424 τέλη
669 4353 697 4405 τὸ
717 4359 766 4405 πᾶν
785 4353 881 4424 πλῆθος
900 4351 1057 4425 Ἀθηναίων,
1086 4352 1371 4422 πεντακοσιομεδίμνους
1398 4359 1441 4408 καί
1469 4357 1558 4415 ἱππέας

191 4443 232 4493 καί
251 4441 363 4510 ζευγίτας
382 4442 425 4493 καί
438 4439 526 4509 θῆτας.
558 4442 604 4506 (είς
617 4449 678 4494 aute
692 4458 797 4493 πιντακ.
811 4451 838 4494 οι
849 4450 911 4495 uuts
925 4442 1014 4498 ἱππίας
1025 4441 1100 4493 addit
1112 4442 1242 4510 Epitorne,
1257 4458 1333 4510 quam
1343 4457 1427 4494 exser.
1439 4443 1559 4508 Phouup

192 4529 270 4598 Harp.
289 4546 309 4581 s.
325 4546 347 4580 ν.
367 4529 648 4598 πεντακοσιομίδιμνοντ
667 4569 725 4582 ....
740 4528 778 4582 ότι
790 4532 898 4600 τέσσαρα
910 4529 969 4600 τέλη
983 4529 1098 4598 ἐποίησεν
1108 4525 1258 4598 Ἀθηναίων
1272 4529 1391 4582 ἀπόντων
1404 4528 1501 4596 Σόλων,
1520 4531 1556 4583 ῶν

191 4617 251 4687 ήσαν
271 4619 315 4670 καί
333 4617 356 4670 οί
374 4618 645 4686 πεντακοσιομέδιμνοι,
668 4617 813 4688 δεδήλωκεν
829 4615 1008 4690 Ἀριστοτέλης
1031 4618 1058 4672 ίν
1073 4613 1222 4687 Ἀθηναίων
1245 4617 1364 4686 πολιτεία.
1403 4619 1556 4688 (Ερίίοιαυυ

191 4706 271 4758 dsscr.
292 4706 366 4758 Phor.
390 4706 482 4769 Suis).
506 4737 538 4744 —
564 4707 677 4774 Hesych.
702 4709 731 4759 ἐκ
751 4708 914 4779 τιμημάτωνι
938 4705 1036 4776 τίμημα
1060 4705 1200 4776 διανέμησις
1218 4709 1264 4776 τῆς
1282 4704 1415 4763 πολιτείας.
1452 4704 1555 4779 διῄρητο

189 4794 234 4864 γὰρ
253 4794 270 4863 ή
289 4791 401 4846 πολιτεία
420 4795 485 4846 κατά
499 4791 604 4846 Σόλωνα
623 4794 658 4851 είς
671 4793 786 4863 τέσσαρα,
806 4793 1074 4863 πεντακοσιομέδιμνον
1094 4795 1207 4864 (reliqua
1221 4794 1335 4857 desunt).
1355 4821 1388 4832 -
1408 4794 1439 4845 cf.
1459 4795 1555 4847 Puotr.

190 4881 262 4935 Suis.
282 4882 369 4936 δππάτι
390 4877 478 4931 Σόλων
497 4882 555 4938 τοῦς
574 4882 665 4948 νόμους
680 4877 829 4950 Ἀθηναίοις
847 4881 943 4953 γράψας
962 4882 997 4940 είς
1015 4883 1048 4949 (τί
1065 4883 1153 4949 Ρίιοί.)
1173 4884 1245 4936 πέντε
1263 4881 1323 4954 τέλη
1342 4881 1371 4935 τό
1389 4887 1439 4934 πᾶν
1458 4879 1556 4952 πλῆθος

190 4966 273 5021 αύτῶν
296 4964 391 5026 διέταξε
414 4968 457 5019 καί
481 4970 542 5030 (om.
561 4967 643 5035 Suid.,
662 4969 713 5038 lug.
732 4968 775 5037 ἐκ)
798 4975 850 5021 τῶν
874 4969 941 5021 κατὰ
963 4969 1008 5026 τάς
1031 4968 1115 5028 οῦσίατ
1139 4972 1300 5042 τιμημάτων.
1342 4970 1385 5023 καί
1406 4968 1555 5040 τὸπρῶτον
