3510 5610
194 348 233 413 16
443 345 668 405 ARISTOTELIS
688 347 751 402 ulls
771 346 919 402 PUBLlCA
938 345 1199 402 ATHENIENSIUM
1216 346 1311 402 xlvt

245 519 375 583 θέέσιν
377 522 407 582 πὶ
411 519 615 623 Πωρέου
594 543 747 606 αρχοντος.
845 521 959 603 λεγεται
987 522 1019 584 δὲ
1047 521 1179 600 Σόλωνα,
1215 521 1422 605 Πεισιστράτου
1457 521 1511 603 τῆν
1548 527 1564 582 2

243 626 375 708 φυλακὴν
397 626 556 705 αἰτοῦντος,
584 624 725 694 ἀντιλέξαι
748 626 796 688 καὶ
818 625 954 689 είπεῖν”
937 649 981 688 οτι
1003 631 1062 688 τῶν
1085 626 1137 708 μὲν
1160 625 1207 708 εἴη
1230 629 1409 710 σοφώτερος,
1432 631 1493 688 τῶν
1511 650 1537 702 p
1548 633 1564 687 5

242 728 267 790 δ’
304 726 543 857 οῆνδρειδ[τα]ρς·ο
595 727 659 792 δσοι
708 729 761 809 μὲν
746 728 852 812 νγὰρ
888 729 1024 811 ἀγνοοῦσι
1062 727 1268 813 Πεισίστρατον
1305 728 1510 810 ἐπιτιθέμενον

193 1007 204 1059 1
226 1004 391 1076 Πισιστρατου
412 1008 453 1059 hic
473 1015 499 1059 ot
517 1006 581 1059 alibi
601 1005 621 1057 L
640 1009 708 1070 (exo.
728 1021 753 1074 p.
769 1003 853 1068 15‚17.
874 1005 944 1070 20,4)

190 1263 268 1319 αδτοῦ
291 1263 375 1333 λόγων
400 1264 522 1336 ῥρθῦμως
544 1263 692 1322 ἀκούοντας,
720 1263 889 1336 προσέχοντας
916 1264 943 1316 δέ
970 1265 1009 1334 τῷ
1032 1260 1202 1337 Πιισεστρότιρ
1231 1266 1279 1337 ἔφη
1304 1264 1342 1319 ότι
1364 1273 1417 1319 τῶν
1442 1269 1488 1335 μιν
1512 1269 1565 1323 ἐστι

191 1354 342 1424 σοφώτερος,
366 1359 419 1407 τῶν
441 1353 467 1406 δέ
491 1352 667 1423 ἀνδρειότερος.
710 1350 797 1406 δπόσοι
821 1357 867 1419 μέν
891 1354 926 1422 μὴ
950 1354 1117 1422 γινώσκουσιν
1141 1352 1179 1407 δτι
1202 1353 1319 1425 φυλακην
1341 1354 1430 1424 λαβὼν
1455 1359 1513 1426 περί
1535 1357 1564 1410 τὸ

191 1448 265 1510 σῶμα
283 1442 402 1512 τὺραννος
420 1442 498 1509 ἐσται,
521 1442 585 1495 ἀλλὰ
602 1442 703 1495 τουτων
727 1443 771 1509 μέν
796 1442 848 1494 έστι
867 1442 1023 1511 σοφώτερος·
1047 1443 1134 1496 ὁπόσοι
1156 1442 1183 1496 δέ
1202 1443 1368 1513 γινώσκοντες
1386 1443 1563 1511 ίιποσιωπῶσι,

191 1530 290 1586 τοδτων
314 1530 482 1603 ἀνδρειότερός
507 1532 580 1585 ἐστιν.
618 1529 631 1582 6
654 1530 680 1583 δέ
702 1530 790 1600 λαβὼν
813 1531 859 1600 τἠν
884 1530 994 1595 δυναμιν,
1017 1531 1135 1601 τδραννος
1158 1531 1197 1601 ῆν.
1234 1531 1405 1601 καθεζόμινος
1427 1532 1455 1585 δέ
1473 1531 1564 1586 Σόλων

191 1619 238 1688 πρὸ
261 1623 307 1688 τῆς
331 1620 412 1677 οίκίας
435 1620 482 1688 τῆν
504 1617 595 1671 ἀσπίδα
618 1622 660 1671 καί
684 1618 712 1670 τὸ
736 1618 795 1686 δόρυ
815 1616 988 1689 παραθέμενος
1010 1618 1094 1688 έλεγεν
1118 1618 1155 1672 δτι
1174 1618 1325 1681 έξιίιπλισται
1348 1623 1391 1674 καί
1415 1620 1509 1691 βοηθεῖ
1529 1625 1564 1694 τῇ,

191 1709 290 1778 πατρίδι
312 1704 328 1782 ᾗ
353 1707 465 1774 δδναταε,
489 1707 627 1776 στρατηγὸς
651 1707 695 1776 μέν
719 1706 759 1759 διά
782 1707 829 1778 τῆν
852 1705 961 1776 ῆλικίαν,
987 1707 1072 1766 εδνους
1096 1709 1121 1760 δέ
1144 1708 1184 1762 διά
1206 1710 1253 1780 τῆν
1272 1709 1385 1779 γνώμην,
1423 1707 1495 1778 δμως
1519 1709 1564 1762 οῦν

191 1793 379 1867 Πεισίστρατος,
402 1796 451 1849 είτι
470 1796 536 1849 αίδοῖ
559 1799 592 1867 τῆ
611 1795 672 1866 πρὸς
694 1795 738 1848 τὸν
758 1794 836 1866 ἄνδρα
859 1798 902 1848 καί
926 1797 972 1866 τὴν
992 1797 1080 1866 σορίαν
1099 1796 1177 1849 αδτοῦ
1196 1797 1246 1850 εἴτε
1270 1799 1313 1851 καί
1331 1797 1419 1869 μνήμη
1444 1803 1499 1850 τῶν
1518 1795 1565 1869 ἐφ’

189 1885 289 1957 ἡλικίας
309 1913 339 1923 -
359 1883 458 1953 λέγεται
480 1886 526 1955 γάρ
544 1883 622 1936 αὐτοῦ
641 1883 745 1938 παιδικὰ
763 1884 877 1954 γενέσθαι
898 1914 928 1922 -
949 1884 1019 1938 οὐδέν
1043 1903 1070 1952 γι
1089 1885 1175 1955 έδρασε
1195 1886 1277 1938 κακδν
1296 1884 1410 1939 Σόλωνα.
1485 1888 1564 1940 dubi·

191 1977 300 2027 tandum
321 1977 362 2026 ost
380 1974 412 2026 de
426 1974 557 2026 Sosiorate
570 1974 641 2041 apud
656 1972 788 2026 Laertium
804 1972 863 2025 149
881 1977 927 2026 τοῦ
946 1972 976 2044 δῆ
990 1971 1079 2026 λοιποῦ
1098 1982 1229 2047 προσεῖχεν
1242 1973 1287 2043 [Β]
1302 1974 1374 2044 αὐτῷ
1391 1972 1405 2026 δ
1419 1975 1502 2044 δῆμος
1520 1978 1565 2028 καί

190 2063 273 2134 ἡδέως
292 2063 335 2115 καί
353 2061 525 2133 τυραννεῖσθαι
543 2060 634 2132 ῆθελεν
651 2060 709 2129 [Bt]
728 2061 790 2132 πρὸς
808 2061 895 2128 αδτοῦ,
919 2061 932 2113 6
951 2060 976 2114 δ’
997 2061 1044 2132 οδχ
1067 2062 1158 2129 είλετο,
1177 2062 1242 2116 ἀλλά
1259 2065 1302 2116 καί
1322 2059 1500 2136 Πεισίστρατον
1519 2066 1566 2118 τὸν

191 2155 304 2220 ουγγινῆ,
328 2150 396 2202 καθά
415 2167 476 2221 φησι
495 2149 669 2219 Σωσικράτης,
693 2151 890 2220 προαισθόμενος
909 2151 988 2213 (addo
1008 2152 1216 2220 τυραννησιίοντα
1236 2152 1278 2204 vol
1298 2154 1350 2205 talo
1368 2155 1445 2220 quid>
1462 2153 1494 2207 τὸ
1518 2151 1562 2224 ἐφ’

191 2239 276 2309 ἐαυτῷ
294 2238 454 2292 διεκώλυσεν.
490 2237 552 2310 ᾅξας
573 2240 619 2310 γὰρ
643 2238 677 2296 είς
695 2257 749 2292 τινα
768 2236 904 2308 ἐκκλησίαν
929 2240 992 2304 μετὰ
1016 2238 1120 2307 δόρατος
1143 2241 1187 2292 καί
1210 2239 1313 2297 ἀσπίδος
1336 2247 1450 2312 προεῖπιν
1476 2241 1567 2301 αὐτοῖς

191 2329 238 2398 τῆν
256 2328 366 2382 ἐπίθεσιν
389 2333 434 2380 τοῦ
454 2327 643 2399 Πεισιστράτου·
666 2329 710 2380 καί
733 2325 763 2381 οίι
781 2327 859 2396 μόνον
882 2325 946 2379 ἀλλὰ
969 2328 1013 2380 καί
1032 2327 1135 2396 βοηθεῖν
1154 2328 1254 2397 έτοιμος
1272 2329 1346 2394 ιίναι,
1370 2328 1450 2398 λέγων
1468 2337 1565 2384 ταῦτα·

189 2412 439 2487 ’δάνδριςἊδηναῖοη
464 2424 517 2470 τῶν
540 2422 586 2486 μέν
610 2416 763 2488 σορόιτιρος,
790 2422 842 2469 τῶν
870 2415 896 2468 δέ
920 2415 1088 2486 ἀνδρειότερός
1111 2417 1174 2486 είμι·
1202 2418 1346 2490 σοφώτερος
1370 2419 1416 2487 μέν
1438 2425 1493 2472 τῶν
1516 2421 1566 2492 τὴν

192 2506 292 2576 ἀπάτην
319 2504 499 2575 Πεισιστράτου
526 2505 562 2575 μῆ
596 2507 739 2571 συνιέντων,
771 2504 940 2574 ἀνδρειότερος
967 2505 993 2556 δέ
1021 2511 1074 2557 τῶν
1102 2507 1275 2573 ἐπισταμένων
1299 2508 1353 2574 μέν,
1385 2506 1426 2559 διά
1453 2507 1511 2566 δέος
1538 2508 1567 2560 δέ

191 2589 381 2647 σιωπῶντων”.
395 2632 402 2646 .
417 2634 423 2646 .
437 2633 443 2647 .
461 2594 518 2660 (50)
531 2592 580 2664 ἠδη
594 2592 621 2646 δέ
633 2591 711 2646 «otoo
725 2598 879 2663 κρατοῦντος
897 2592 927 2646 οδ
940 2591 1036 2647 πείθων
1055 2591 1134 2664 έθηκε
1153 2596 1185 2647 τά
1203 2592 1268 2648 όπλα
1280 2594 1328 2665 πρὸ
1340 2599 1385 2647 τοῦ
1398 2597 1565 2668 στρατηγείου

191 2684 234 2736 καί
252 2683 331 2737 είπόιν
352 2679 396 2734 “o
415 2682 512 2751 πατρίς,
535 2681 687 2753 βεβοῆθηκά
710 2698 748 2735 σοι
771 2684 815 2736 καί
832 2681 901 2753 λόγιμ
925 2682 969 2734 καί
987 2680 1072 2753 έργιρ’“
1094 2681 1248 2736 ἀπέπλευσεν
1268 2683 1304 2741 είς
1317 2680 1443 2754 Αἴγυπτον
1462 2686 1509 2738 καί
1527 2686 1565 2744 είς

190 2768 294 2842 Κὺπρον
307 2769 363 2824 κτλ.
436 2787 469 2823 ex
482 2771 576 2824 iisdem
590 2783 701 2824 consuta
720 2778 762 2824 est
774 2771 880 2825 Solonis
893 2772 1010 2841 epistula
1022 2772 1093 2838 apud
1107 2772 1154 2824 La.
1167 2772 1245 2842 Diog.
1259 2772 1270 2824 I
1285 2772 1327 2826 65.
1358 2782 1404 2826 aut
1417 2774 1566 2828 Aristotele

190 2877 244 2915 non
270 2878 337 2914 usus
365 2865 408 2913 est
434 2868 481 2912 aut
503 2860 672 2913 Aristoteleis
701 2861 789 2913 aliena
816 2861 962 2914 immiscuit
993 2860 1153 2913 Plutarchus
1181 2861 1210 2913 in
1234 2860 1288 2913 Sol.
1305 2859 1341 2913 30
1366 2859 1514 2932 Ἀρίστωνος
1537 2861 1565 2914 δέ

189 2949 339 3020 γράψαντος,
368 2946 439 3006 ὅπως
466 2945 560 3001 δοθῶσι
587 2949 746 3019 πεντήκοντα
775 2947 944 3019 κορυνηφόροι
971 2952 1008 3019 τῷ
1036 2947 1206 3018 Πεισιστράτῳ
1234 2948 1336 3019 φυλακὴ
1363 2955 1409 3004 τοῦ
1436 2950 1567 3019 σώματος,

120 3025 123 3031 ’
189 3038 303 3091 ἀντεῖπεν
324 3035 338 3089 δ
357 3034 447 3090 Σόλων
466 3038 574 3095 ἀναστὰς
597 3038 640 3090 καί
659 3036 740 3089 πολλὰ
758 3035 887 3107 διεξῆλθεν
906 3034 980 3106 δμοια
998 3037 1097 3097 τοῦτοις
1122 3039 1159 3096 οἷς
1176 3037 1216 3090 διὰ
1235 3043 1287 3090 τῶν
1306 3040 1457 3109 ποιημάτων
1476 3041 1567 3113 γίγρα·

189 3144 248 3197 ριν·
270 3122 321 3184 οἐίς
347 3128 394 3197 γὰρ
418 3124 534 3196 γλῶσσαν
563 3126 637 3198 δρᾶτε
665 3126 708 3179 καί
736 3126 771 3184 είς
798 3125 845 3195 ἔπη
870 3124 978 3194 αἱμίιλου
1007 3123 1124 3196 ἀνδρός”.
1163 3123 1258 3196 “burim
1281 3125 1306 3180 δ’
1326 3127 1360 3186 εἶς
1388 3132 1434 3196 μέν
1457 3128 1566 3186 έκαστος

189 3214 323 3272 ἀλώπεκος
347 3215 424 3288 ίχνεσι
443 3215 533 3285 βαίνει,
557 3214 681 3283 σθμπασιν
704 3210 728 3266 δ’
748 3213 807 3283 ὑμῖν
830 3219 923 3284 χαῦνος
942 3215 1022 3268 ἔνεστι
1040 3211 1127 3274 νόος”.
1164 3214 1231 3285 δρῶν
1254 3215 1281 3269 δέ
1304 3218 1364 3275 τοὺς
1389 3221 1435 3285 μέν
1453 3218 1567 3287 πένητας

190 3302 359 3373 ὡρμημένους
376 3303 521 3376 χαρίζεσθαι
540 3305 578 3373 rui
598 3300 767 3374 Πεισιστράτῳ
785 3305 830 3355 καί
848 3301 1033 3373 θορυβοῦντας,
1056 3305 1115 3361 τοῦς
1134 3302 1160 3355 δέ
1179 3302 1313 3362 πλουσίους
1332 3303 1566 3376 ἀποδιδράσκοντας

189 3392 233 3444 καὶ
251 3390 453 3457 ἀποδειλιῶντας,
477 3391 515 3445 ότι
537 3399 590 3444 τῶν
614 3393 659 3460 μέν
685 3392 736 3444 ἐστι
759 3391 911 3462 σορῶτερος,
935 3399 987 3444 τῶν
1012 3391 1038 3444 δέ
1061 3391 1246 3465 ἀνδρειότιρος·
1269 3392 1414 3465 σοφῶτιρος
1439 3394 1486 3463 μέν
1511 3403 1565 3449 τῶν

189 3481 225 3550 μῆ
245 3480 379 3533 συνιέντων
398 3482 426 3534 τὸ
445 3482 626 3552 πραττόμενον,
652 3481 822 3552 ἀνδρειότερος
840 3480 866 3532 δέ
884 3487 936 3533 τῶν
956 3482 1089 3533 συνιέντων
1109 3482 1163 3549 μέν,
1183 3480 1355 3535 ἐναντιοῦσθαι
1374 3481 1401 3534 δέ
1419 3485 1454 3554 τῆ
1472 3501 1565 3554 τυραν-

189 3566 236 3620 νίδι
254 3568 421 3638 φοβουμένων
425 3606 512 3623 .....
526 3572 661 3640 γενομένου
684 3569 712 3622 δέ
732 3569 823 3623 τοῦτου
846 3570 890 3622 καί
908 3573 954 3638 τῆς
972 3569 1070 3628 πόλεως
1088 3567 1302 3643 συνταραχθείσης
1325 3569 1339 3623 6
1357 3575 1403 3639 μέν
1423 3567 1566 3644 Μεγακλῆς

189 3656 266 3716 cotue
283 3658 359 3728 ίρυγι
378 3660 441 3727 μετὰ
458 3666 511 3712 τῶν
529 3659 613 3711 ἄλλων
625 3657 840 3727 Ἀλκμαιωνιδῶν,
859 3657 873 3711 6
892 3656 918 3710 δέ
937 3655 1026 3710 Σόλων
1045 3658 1094 3727 ἤδη
1114 3660 1160 3727 μέν
1178 3659 1210 3730 ῆν
1230 3658 1326 3731 σφόδρα
1345 3659 1423 3728 γέρων
1441 3662 1486 3713 καί
1504 3663 1565 3720 τοὺς

190 3744 348 3819 βοηθοῦντας
371 3747 419 3800 ουκ
444 3747 520 3818 εἶχεν,
548 3746 619 3816 δμως
642 3746 668 3800 δὲ
692 3746 819 3817 προῆλθεν
842 3747 877 3805 είς
900 3747 992 3819 ἀγοράν
1015 3749 1059 3799 καί
1082 3745 1200 3818 διελέχθη
1222 3747 1285 3818 πρὸς
1308 3748 1368 3805 τοὺς
1391 3747 1504 3813 πολίτας,
1532 3752 1565 3804 τά

190 3841 236 3905 μέν
258 3838 372 3899 κακίζων
395 3837 442 3906 τῆν
465 3836 585 3907 ἀβουλίαν
608 3835 693 3889 αθτῶν
718 3837 762 3889 καί
785 3835 921 3904 μαλακίαν,
944 3837 976 3888 τά
999 3834 1026 3888 δέ
1049 3835 1199 3905 παροξδνων
1223 3836 1260 3890 ἔτι
1283 3836 1327 3889 καί
1345 3834 1503 3907 παρακαλῶν
1526 3838 1563 3908 μὴ

189 3924 310 3994 προίσθαι
331 3926 378 3995 τῆν
397 3924 538 3996 ἐλευθερίαν
604 3963 631 3979 ..
654 3924 753 3985 οίιδενδς
777 3925 803 3978 δέ
821 3926 990 3998 προσέχοντος
1008 3924 1081 3994 retitui
1104 3923 1145 3977 διά
1168 3923 1211 3977 τδν
1230 3924 1310 3994 φόβον
1328 3923 1442 3996 ἀπῆλθεν
1461 3925 1496 3985 είς
1515 3926 1564 3996 τὴν

190 4014 273 4067 οίκίαν
295 4016 342 4085 τὴν
360 4015 452 4067 ἐαυτοῦ
476 4018 519 4068 καί
538 4013 625 4084 λαβὼν
649 4016 681 4067 τά
699 4013 765 4067 δπλα
788 4017 832 4067 καί
854 4013 902 4084 πρὸ
926 4021 978 4066 τῶν
998 4012 1084 4084 θυρῶν
1103 4011 1206 4082 θέμενος
1229 4013 1264 4073 είς
1282 4012 1326 4066 τὸν
1345 4014 1475 4067 στενωπόν
1493 4011 1566 4085 “irael

191 4098 258 4171 μέν”
280 4103 347 4157 εἶπεν
365 4100 416 4161 “rire
428 4103 534 4156 δυνατὸν
552 4103 584 4174 ῆν
599 4101 755 4174 βεβοήθηται
774 4122 806 4175 τη
825 4103 922 4172 πατρίδι
940 4105 984 4156 καί
1003 4109 1054 4161 τοῖς
1073 4100 1189 4170 νόμοις”.
1261 4102 1342 4157 Diod.
1353 4103 1393 4156 IX
1405 4103 1463 4170 20,1
1487 4103 1564 4170 (Exc.

190 4192 250 4245 Vat.
264 4208 289 4259 p.
304 4192 349 4258 21)
372 4191 411 4245 δτι
430 4189 519 4244 Σόλων
542 4192 556 4246 6
575 4192 715 4262 νομοθέτης
734 4190 869 4262 παρελθὼν
892 4192 928 4250 είς
951 4192 998 4263 τὴν
1023 4191 1160 4261 ἐκκλησίαν
1183 4189 1319 4260 παρεκάλει
1344 4192 1402 4250 τοὺς
1419 4189 1565 4263 Ἀθηναίους

190 4280 323 4334 καταλῦειν
346 4280 390 4334 τὸν
415 4280 545 4353 τύραννον,
569 4284 626 4350 πρὶν
649 4281 742 4340 τελέως
765 4279 867 4353 ἰσχυρὸν
892 4280 1013 4351 γενέσθαι.
1050 4279 1151 4338 οὐδενὸς
1174 4280 1200 4333 δέ
1224 4280 1296 4350 αίιτηῖ
1313 4280 1481 4353 προσέχοντος
1505 4281 1564 4334 ἀνα-

190 4368 277 4439 λαβὼν
302 4371 349 4440 τῆν
368 4371 507 4424 πανοπλίαν
526 4369 652 4442 προῆλθεν
675 4371 712 4429 είς
734 4369 780 4439 τῆν
803 4370 896 4441 ἀγοράν
913 4370 1064 4441 γεγηρακὼς
1090 4370 1134 4422 καί
1157 4370 1216 4427 τοὺς
1241 4367 1318 4428 θεοὺς
1336 4369 1565 4442 ἐπιμαρτυρόμενος

189 4457 267 4528 έφησι
290 4461 333 4512 καί
356 4458 425 4530 λόγῳ
449 4461 493 4512 καί
511 4460 576 4530 έργιρ
600 4477 632 4530 τη
653 4460 752 4529 πατρίδι
771 4458 948 4529 κενδυνευοῦση
969 4458 1156 4529 βεβοηθηκέναι
1178 4457 1207 4511 εδ
1232 4457 1293 4511 κατ’
1308 4457 1385 4511 αδτδν
1404 4460 1481 4530 μέρος
1505 4456 1563 4511 κτλ.

190 4564 222 4599 ex
241 4548 385 4601 Aristotele
409 4549 522 4618 cogitari
546 4555 631 4617 potest
655 4547 801 4617 proiectum
826 4563 885 4601 osso
910 4564 969 4601 eum
994 4550 1040 4617 qui
1067 4549 1135 4601 hano
1159 4546 1383 4600 narratiunculam
1408 4546 1461 4600 eibi
1485 4545 1566 4600 fiuxit

190 4641 320 4688 serratam
345 4653 360 4689 a
382 4637 524 4691 Plutarcho
552 4637 596 4691 Au
624 4638 684 4690 oeni
707 4638 742 4689 sit
765 4637 882 4706 gerenda
904 4637 1056 4707 respublica
1079 4636 1143 4702 21,5
1173 4635 1235 4700 (795
1254 4634 1286 4703 E)
1319 4634 1333 4688 δ
1356 4634 1382 4687 δέ
1405 4633 1495 4688 Σόλων
1518 4638 1566 4706 τῆς

191 4719 369 4797 Πεισιστράτου
388 4725 550 4798 δημαγωγίας
573 4723 612 4779 ὅτι
630 4724 774 4796 τυραννίδος
796 4724 829 4796 ῆν
848 4727 990 4797 μηχάνημα
1016 4731 1125 4797 φανερᾶς
1143 4726 1278 4795 γενομένης
1296 4723 1403 4794 μηδενὸς
1423 4722 1565 4793 ἀμῦνισθαε

189 4813 253 4885 μηδέ
276 4814 385 4869 κωλῦεεν
409 4815 555 4884 τολμῶντος
580 4813 656 4872 αδτδς
678 4813 871 4883 ἐξενεγκάμενος
898 4816 931 4866 τά
953 4813 1018 4867 όπλα
1046 4815 1089 4867 καί
1116 4813 1164 4884 πρδ
1187 4816 1233 4884 τῆς
1258 4812 1339 4870 οίκίας
1361 4811 1468 4882 θέμενος
1490 4811 1565 4884 ἠξίου

190 4901 294 4972 βοηθεῖν
316 4904 377 4962 τοὺς
399 4904 514 4962 πολίτας·
541 4904 688 4973 πέμψαντος
716 4903 742 4956 δέ
771 4907 815 4955 τοῦ
840 4902 1018 4973 Πεισιστράτου
1041 4903 1103 4974 πρός
1126 4901 1204 4955 αδτδν
1232 4902 1276 4955 καί
1299 4899 1493 4970 πυνθανομένου
1516 4901 1564 4955 τίνι

189 4990 319 5051 πεποιθὼς
336 4997 416 5046 ταῦτα
434 4995 545 5065 πράττει,
561 4989 619 5063 “aqi
637 4987 724 5063 γήρρ”
745 4992 821 5045 εἶπεν.
858 4991 1127 5056 ct.1)iou.1x20,14
1146 4991 1238 5061 Vogel.
