3510 5610
190 323 233 386 20
347 319 574 373 ARISTOTELIS
594 317 657 372 RES
678 318 825 373 PUBLIGA
846 317 1111 372 ATHENIENSIUM
1131 317 1209 371 XVII
1222 316 1403 369 2-xvl113

243 492 390 576 ἐρώμενον
414 491 485 555 εῖναι
503 490 737 577 Πεισίστρα[τον]
755 492 890 562 Σόλωνος
911 493 959 556 καὶ
982 497 1151 576 στρατηγεῖν
1174 491 1205 554 ἐν
1229 496 1270 576 tq*
1294 492 1366 574 πρδς
1384 488 1482 570 Μεγα-
1507 495 1565 563 μἹ

243 594 311 678 ρέος
333 594 455 679 πολέμῳ
478 597 544 680 περὶ
561 596 738 678 Σαλαμῖνος·
763 594 796 659 ού
819 596 874 680 γὰρ
890 594 1039 680 ἐνδέχεται
1062 600 1124 663 ταῖς
1146 595 1281 677 ἡλικίαις,
1304 593 1355 656 ἐάν
1378 617 1420 662 τις
1443 593 1511 655 άνα-

243 698 391 782 λογίζηται
419 700 467 762 τόν
494 699 633 783 ἑκατέρου
661 700 722 784 βίον
749 700 797 763 καὶ
823 697 870 782 ἐφ’
899 697 933 761 ού
962 699 1107 762 ἀπέθανεν
1135 697 1287 782 άρχοντος.
1375 696 1510 778 τελευτή·
1549 702 1566 758 3

244 821 346 869 σαντος
369 802 401 864 δὲ
425 801 631 886 Πεισιστράτου
654 807 792 887 κατεῖχον
820 803 847 865 οἱ
871 803 943 870 υίεῖς
965 803 1017 885 τῆν
1040 802 1148 886 ἀρχήν,
1176 804 1350 885 προάγοντες
1377 801 1411 863 τὰ
1439 802 1509 884 πρά-

208 925 223 974 5
242 928 338 987 γματα
361 906 409 967 τδν
432 904 520 968 αύτδν
542 905 658 989 τρόπον.
704 905 779 990 ῆσαν
801 906 834 968 δὲ
856 905 908 968 δύο
932 906 984 988 μὲν
1013 905 1047 968 ἐκ
1074 909 1127 988 τῆς
1149 910 1294 987 γαμετῆς,
1317 901 1433 973 Ἱππίας
1460 905 1510 968 καὶ

237 1004 412 1092 Ἵππαρχος,
429 1009 481 1071 δύο
497 1005 522 1072 δ’
543 1009 577 1072 ἐκ
592 1013 643 1092 τῆς
655 1007 805 1092 Ἀργείας,
827 1007 936 1092 Ἰοφῶν
951 1010 1000 1073 καὶ
1011 1007 1255 1091 Ἡγησίστρατος,
1279 1003 1304 1093 ᾧ
1323 1007 1509 1091 παρωνύμιον

243 1111 279 1197 ῆν
315 1112 468 1181 Θέτταλος.
568 1110 674 1198 ἔγημεν
707 1113 762 1197 γὰρ
797 1111 1003 1195 Πεισίστρατος
1035 1111 1065 1180 ἐξ
1083 1109 1216 1197 ’Ἀργους
1250 1111 1355 1195 άνδρδς
1372 1108 1508 1194 Ἀργείου
1546 1118 1565 1173 4

244 1215 398 1298 θυγατέρα,
428 1210 453 1300 ᾤ
480 1214 572 1300 όνομα
595 1216 630 1301 ῆν
655 1215 802 1300 Γοργιλος,
827 1214 1032 1299 Τιμώνασσαν,
1055 1216 1090 1300 ῆν
1113 1215 1253 1300 πρότερον
1277 1213 1364 1300 ἔσχεν
1387 1221 1510 1297 γυναῖκα

240 1317 385 1405 Ἀρχῖνος
407 1317 669 1406 όἈμπρακιώτης
693 1327 750 1384 τῶν
768 1318 955 1405 Κυψελιδῶν·
981 1320 1050 1383 όθεν
1073 1321 1121 1382 καὶ
1144 1320 1252 1403 ῆπρδς
1273 1317 1510 1402 τοδςἈργείους

192 1441 223 1489 10
243 1421 346 1506 ἐνέστη
368 1423 459 1506 φιλία,
488 1425 536 1487 καί
560 1423 797 1508 συνεμαχέσαντο
819 1423 910 1508 χίλιοι
933 1423 985 1505 τὴν
1008 1422 1056 1485 ἐπὶ
1079 1420 1238 1504 Παλληνίδι
1262 1423 1362 1506 μάχην
1381 1420 1509 1505 (Ηγησο

243 1527 366 1608 στράτου
382 1526 564 1608 κομίσαντος.
600 1531 692 1609 γῆμαι
715 1524 747 1589 δέ
762 1547 835 1609 φασι
850 1527 902 1610 τῆν
915 1524 1054 1610 Ἀργείαν
1078 1526 1104 1588 οἱ
1128 1525 1181 1609 μὲν
1199 1524 1359 1589 ἐκπεσόντα
1381 1526 1413 1588 τὸ
1430 1529 1509 1610 πρῶ-

244 1652 302 1709 τον,
326 1631 353 1692 οἱ
377 1630 410 1693 δὲ
432 1630 594 1715 κατέχοντα
616 1630 669 1712 τὴν
692 1631 798 1714 ἀρχήν.

328 1731 443 1797 XVIII.
468 1731 543 1816 ἦσαν
566 1733 598 1796 δὲ
621 1733 713 1816 κύριοι
736 1733 789 1813 μὲν
811 1735 870 1794 τῶν
887 1733 1064 1815 πραγμάτων
1089 1731 1136 1793 διὰ
1159 1731 1194 1794 τὰ
1218 1731 1369 1811 ἀξιώματα
1391 1734 1439 1796 καὶ
1463 1733 1512 1795 διὰ

243 1834 294 1904 τοῖς
316 1836 431 1918 ἡλικίας
447 1831 615 1920 Ἵππαρχος
642 1836 689 1898 καί
707 1833 838 1917 Ἱππίας,
867 1835 1061 1920 πρεσβύτερος
1087 1836 1119 1897 δὲ
1147 1836 1187 1897 ῶν
1216 1835 1368 1905 ύἹππίας
1394 1838 1442 1900 καὶ
1471 1841 1509 1917 τῇ

192 1957 222 2006 15
242 1938 328 2022 φύσει
346 1940 491 2007 πολιτικός
505 1939 553 2002 καὶ
570 1936 689 2022 ἔμφρων
706 1937 857 2000 ἐπεστάτει
879 1942 931 2020 τῆς
947 1939 1052 2022 ἀρχῆς.
1092 1938 1107 1999 ό
1124 1932 1331 2023 δὲἽππαρχος
1347 1940 1509 2022 παιδιώδης

244 2042 291 2104 καὶ
314 2040 454 2125 ἐρωτικὸς
477 2043 524 2106 καὶ
540 2041 719 2126 φιλόμουσος
740 2039 777 2124 ῆν
800 2040 863 2123 (καὶ
887 2039 954 2108 τοὺς
976 2039 1040 2122 περὶ
1054 2036 1256 2123 Ἀνακρέοντα
1279 2043 1326 2105 καὶ
1343 2042 1509 2125 Σιμωνίδην

243 2145 292 2208 καὶ
308 2143 373 2214 τούς
389 2144 496 2215 ἄλλους
511 2144 632 2229 ποιητάς
648 2143 732 2212 οὖτος
753 2143 788 2228 ῆν
811 2144 826 2207 ό
844 2141 1129 2226 μεταπεμπόμενος),
1153 2142 1299 2213 Θέτταλος
1322 2147 1353 2208 δὲ
1369 2149 1512 2229 νεώτερος
1550 2154 1567 2208 2

244 2248 316 2310 πολὺ
345 2251 392 2311 καὶ
419 2253 462 2333 τιγῖ
492 2249 546 2333 βίῳ
574 2250 683 2332 θρασὺς
711 2249 758 2312 καὶ
787 2248 939 2333 ύβριστης,
974 2245 1028 2329 ἀφ’
1055 2246 1089 2310 ού
1118 2248 1167 2310 καί
1194 2249 1300 2333 συνέβη
1328 2251 1381 2332 τὴν
1410 2251 1510 2335 άρχῆν

242 2351 342 2422 αὐτοῖς
364 2353 502 2434 γενέσθαι
524 2354 639 2416 πάντων
663 2358 721 2415 τῶν
745 2357 853 2415 κακῶν.
892 2352 1029 2435 ἐρασθεὶς
1050 2351 1105 2436 γάρ
1128 2350 1355 2436 τοῶἈρμοδίου
1378 2354 1427 2417 καὶ
1450 2355 1510 2417 δια-

190 2474 225 2521 20
244 2457 396 2540 μαρτάνων
426 2462 478 2540 τῆς
500 2457 572 2540 πρὸς
595 2457 682 2521 αὐτόν
705 2456 802 2540 φιλίας
831 2454 866 2518 ού
889 2460 1008 2540 κατεῖχε
1036 2455 1088 2537 τὴν
1112 2455 1215 2539 όργῆν,
1245 2455 1305 2520 ἀλλ’
1337 2455 1368 2520 ἔν
1395 2481 1426 2520 τε
1448 2463 1510 2525 τοῖς

241 2558 340 2630 ἄλλοις
355 2561 560 2646 ἐνεσημαίνετο
576 2564 687 2644 πικρῶς
709 2563 757 2624 καί
780 2561 812 2622 τό
829 2564 994 2623 τελευταῖον
1011 2559 1175 2643 μέλλουσαν
1190 2559 1279 2622 αύτοῶ
1303 2561 1355 2644 τῆν
1376 2561 1509 2644 ἀδελφὴν

243 2668 418 2749 κανηφορεῖν
435 2663 650 2749 Παναθηναίοις
665 2664 811 2728 ἐκώλυσεν
827 2665 1001 2749 λοιδορήσας
1023 2686 1054 2726 τι
1072 2662 1296 2750 τδνἈρμόδιον
1319 2668 1360 2732 ῶς
1376 2666 1509 2746 μαλακόν

244 2765 322 2848 ὄντα,
339 2767 408 2831 όθεν
421 2769 528 2854 συνέβη
541 2768 755 2854 παροξυνθέντα
767 2767 988 2852 τδνἈρμόδιον
1004 2769 1052 2831 καί
1067 2769 1116 2830 τὸν
1126 2761 1362 2852 Ἀριστογείτονα
1374 2770 1509 2852 πράττειν

243 2871 295 2953 τῆν
323 2872 423 2955 πρᾶξιν
452 2873 636 2958 μετεχόντων
663 2876 790 2936 πολλῶν.
888 2872 947 2958 ἤδη
975 2873 1008 2935 δὲ
1034 2877 1266 2957 παρατηροῦντες
1293 2874 1323 2936 ἐν
1350 2873 1510 2957 ἀκροπόλει
1549 2882 1565 2936 3

190 2994 222 3043 25
243 2981 303 3045 τοῖς
330 2974 545 3061 Παναθηναίοις
567 2975 683 3040 Ἱππίαν
711 2977 885 3062 (ἐτύγχανεν
916 2976 970 3060 γόῳ
994 2976 1079 3044 ούτος
1108 2977 1159 3058 μὲν
1190 2974 1391 3061 [δ]εχόμενος,
1427 2977 1442 3039 ό
1478 2976 1504 3039 δ’

237 3075 402 3164 Ἵππαρχος
429 3079 617 3144 ἀποστέλλων
644 3083 696 3164 τῆν
724 3080 875 3166 πομπήν),
905 3079 1014 3149 ἰδόντες
1040 3081 1102 3144 τινὰ
1130 3086 1188 3144 τῶν
1215 3081 1428 3143 κοινωνούντων
1456 3085 1516 3165 τῆς·

241 3181 402 3267 πρά[ῖ]εως
427 3186 644 3268 φιλανθρώπως
671 3185 883 3270 ἐντυγχάνοντα
910 3189 952 3269 τῷ
976 3182 1080 3268 Ἱππίᾳ
1107 3186 1155 3247 καὶ
1182 3184 1351 3265 νομίσαντες
1378 3184 1509 3267 μηνύειν,

143 3362 148 3372 Ι
243 3285 416 3368 βουλόμενοί
437 3310 463 3349 τι
486 3289 590 3369 δρῶσαι
612 3291 667 3373 πρὸ
690 3295 742 3373 τῆς
766 3291 948 3374 συλλήψεως,
977 3289 1154 3373 καταβάντες
1176 3290 1225 3352 καὶ
1247 3287 1511 3372 προεξαναστάντες

192 3459 375 3466 ——-.—.-
382 3463 391 3467 ..
399 3463 466 3468 .-.--

191 3576 412 3647 θσαλαμιινυςθ
555 3581 573 3634 4
596 3599 779 3651 προαγαγόντες
802 3580 831 3646 L,
856 3597 923 3635 σοτι.
946 3581 995 3646 Βλ,
1019 3581 1053 3636 al.
1196 3580 1212 3634 8
1237 3566 1300 3634 ονομ
1324 3581 1353 3648 (ἰ.
1372 3597 1394 3632 ε.
1418 3578 1512 3649 ὄνομα)
1533 3580 1564 3644 L,

191 3661 267 3734 ὄνομ’
287 3666 335 3728 BL,
355 3667 426 3718 K·W
572 3668 603 3721 13
623 3674 669 3736 μέν
687 3667 753 3738 τῶν]
772 3671 846 3734 τ(ων)
866 3670 933 3738 μ(εν)
953 3669 982 3735 L,
1002 3686 1067 3724 corr.
1088 3669 1189 3735 Β1.,π1.

194 3807 264 3814 ,ια-..-
288 3807 370 3814 -—---
379 3810 404 3814 ..-

279 3911 294 3964 7
315 3913 385 3966 Plut.
405 3911 460 3966 Cat.
481 3915 541 3966 mai.
561 3914 594 3967 24
622 3915 717 3985 ταύτην
740 3915 766 3968 δὲ
790 3915 836 3986 τὴν
860 3915 965 3988 γνώμην
989 3917 1110 3988 πρότερον
1134 3914 1210 3968 είπιῐν
1239 3929 1298 3984 φασι
1321 3910 1497 3985 Πεισίστρατον
1519 3913 1564 3966 τόν

187 3994 327 4068 Ἀθηναίων
345 4001 468 4073 τύραννον
487 4002 644 4072 ἐπιγήμαντα
662 4013 715 4064 τοῖς
733 4004 858 4077 ἐνηλίκοις
876 4007 944 4058 παισὶ
962 4004 1009 4075 τὴν
1020 4002 1145 4075 Ἀργολίδα
1157 4002 1334 4072 Τιμώνασσαν,
1353 4002 1379 4063 ἐξ
1394 4003 1423 4073 ἧς
1437 4001 1565 4071 Ἰοφῶντα

190 4091 233 4144 καὶ
252 4087 377 4144 Θεσσαλόν
397 4089 469 4160 αὐτιηῖ
486 4090 584 4161 λέγουσι
603 4092 724 4162 γενέσθαι.

279 4177 312 4230 24
323 4194 379 4248 sqq.
400 4181 482 4233 Τιιυο.
496 4181 531 4234 VI
545 4181 578 4234 56
597 4181 661 4252 θησαν
682 4181 708 4234 δὲ
728 4181 757 4234 ού
776 4181 863 4236 πολλοὶ
882 4183 906 4235 οἱ
919 4181 1138 4251 ξυνομωμοκότες,
1157 4180 1292 4252 ἀσφαλείας
1305 4180 1389 4233 ἕνεκα.
1421 4180 1458 4233 ib.
1471 4179 1504 4233 57
1519 4181 1565 4232 καὶ

190 4266 225 4325 ῶς
244 4266 352 4338 ίπῆλθιν
376 4269 392 4338 ἡ
417 4270 501 4340 ίορτη,
521 4266 621 4328 Ἱππίας
645 4276 690 4338 μὲν
714 4270 764 4331 ἔξω
788 4272 814 4322 ἐν
838 4272 878 4339 τῳῖ
900 4267 1054 4342 Κεραμεικῷ
1076 4270 1226 4338 καλουμένῳ
1250 4272 1313 4337 μετὰ
1336 4277 1388 4322 τῶν
1411 4268 1564 4339 δορυφόρων

189 4354 322 4424 διεκόσμει,
348 4356 383 4415 ώς
406 4357 501 4409 ἕκαστα
524 4357 600 4430 ἐχρῆν
621 4362 667 4428 τῆς
690 4363 792 4428 πομπῆς
817 4360 935 4430 προϊέναι.
1008 4361 1019 4412 Ι
1039 4359 1074 4411 20
1096 4358 1300 4428 ὑποτοπήσαντες
1323 4357 1349 4409 δέ
1374 4376 1398 4409 τι
1421 4357 1506 4427 ἐκείνη
1531 4359 1566 4431 τῆ

189 4443 272 4513 ῆμέργι
291 4446 334 4496 καὶ
352 4450 509 4518 παραχρῆμα
522 4442 656 4517 Ἀρμόδιος
668 4448 711 4500 καὶ
720 4443 913 4517 Ἀριστογείτων
927 4447 955 4498 ἐκ
969 4453 1022 4499 τῶν
1036 4447 1183 4507 ξυνιιδότων
1197 4447 1279 4517 σφίσιν
1289 4443 1376 4507 Ἱππία
1395 4444 1564 4517 μεμηνῦσθαι,

188 4535 233 4584 τού
253 4532 297 4598 μέν
316 4533 455 4603 ἀπέσχοντο
474 4534 510 4592 ώς
528 4534 680 4605 προειδότος,
699 4533 849 4604 βουλόμενοι
863 4534 888 4586 δὲ
902 4535 957 4606 πρὶν
972 4533 1145 4604 ξυλληφθῆναι
1158 4535 1292 4605 δράσαντές
1304 4553 1327 4586 τι
1341 4534 1384 4586 καὶ
1397 4531 1564 4596 κινδυνεῦσαι,

188 4621 226 4688 τῷ
238 4617 366 4692 Ἱππάρχῳ
380 4622 555 4695 περιτυχόντες
568 4624 622 4693 περὶ
635 4623 664 4676 τό
674 4621 820 4693 Λεωκόριον
834 4622 990 4690 καλούμενον
1002 4624 1049 4693 τὴν
1061 4622 1260 4694 Παναθηναϊκῆν
1271 4623 1374 4692 πομπὴν
1385 4623 1565 4690 διακοσμοῦντι

188 4707 344 4760 ἀπέκτειναν.
420 4709 500 4763 v157
522 4711 564 4764 τόν
582 4710 728 4781 λυπῆσαντα
752 4711 796 4764 ούν
822 4717 893 4780 σφᾶς,
917 4712 960 4764 καὶ
985 4708 1018 4774 δι’
1038 4710 1112 4780 όνπερ
1132 4714 1214 4764 πάντα
1234 4710 1400 4775 ἐκινδύνευον,
1425 4709 1563 4779 ἐβούλοντο

188 4795 316 4866 πρότερον,
336 4798 358 4851 εί
377 4798 501 4864 δύναιντο,
519 4799 771 4870 προτιμωρῆσασθοι,
791 4800 835 4852 καὶ
854 4798 938 4870 ὥσπερ
958 4800 1026 4871 εἶχον
1040 4799 1162 4870 ὥρμησαν
1177 4799 1236 4852 είσω
1250 4807 1302 4852 τῶν
1320 4797 1417 4863 πυλῶν,
1437 4799 1481 4850 καὶ
1494 4817 1563 4869 περι-

188 4885 278 4957 έτυχον
296 4888 335 4955 τιηῖ
346 4883 476 4960 Ἱππάρχῳ
496 4890 563 4958 παρὰ
581 4888 610 4940 τό
629 4887 777 4960 Λεωκόριον
797 4886 961 4957 καλούμενον,
982 4887 1057 4946 εδθδς
1075 4886 1096 4941 δ’
1184 4889 1290 4942 ἔτυπτον
1309 4889 1352 4941 καὶ
1371 4887 1564 4941 ἀποκτείνουσιν

188 4971 272 5026 αὐτόν,
310 4977 343 5028 ib.
358 4975 392 5029 58
412 4976 576 5047 ἀγγελθέντος
594 4976 620 5029 δέ
632 4973 717 5046 Ἱππίᾳ
736 4977 762 5035 ῖς
773 4977 818 5031 τόν
832 4974 1009 5048 Κεραμεικόν.
1041 4978 1101 5031 ,iul
1119 4979 1177 5035 τοὺς
1196 4977 1310 5046 πομπέας
1328 4978 1386 5035 τοὺς
1400 4975 1505 5034 δπλίτοις
1521 5016 1563 5029 ...
