3510 5610
338 325 564 380 ARISTOTELIS
583 326 647 380 RES
665 325 815 380 PUBLICA
836 323 1092 378 ATHENIENSIUM
1112 323 1208 378 xxlx
1222 324 1299 379 2-5
1460 320 1502 385 33

188 501 220 563 τδ
243 502 381 584 ψήφισμα
408 505 457 564 τού
483 499 665 582 Πυθοδώρου
693 500 817 564 τοιόνδε·
853 500 900 562 τὸν
928 502 1021 582 δῆμον
1050 498 1169 561 ἑλέσθαι
1198 495 1271 577 μετὰ
1297 498 1355 556 τῶν
1383 516 1450 576 προ·
1486 499 1502 554 2

191 602 380 688 υπαρχόντων
405 604 475 668 δέκα
498 603 669 688 προβούλων
692 601 797 672 ἄλλους
820 602 911 667 εἴκοσι
928 602 961 665 ἐκ
977 607 1035 665 τῶν
1051 602 1123 684 ὑπὲρ
1139 601 1350 683 τετταράκοντα
1365 595 1417 682 ἔτη
1431 623 1458 675 p.
1470 606 1502 658 12

189 707 358 789 γεγονότων,
393 708 495 775 οἵτινες
527 706 687 788 ὀμόσαντες
716 705 735 790 ῆ
765 706 822 790 μῆν
850 707 1023 789 συγγράψειν
1050 704 1069 766 ἃ
1098 702 1132 768 ἀν
1160 704 1289 787 ῆγώνται
1316 701 1450 788 βέλτιστα

191 811 261 875 εἰναι
284 817 322 894 τῆ
346 811 429 874 πόλει
453 811 648 893 συγγράψουσι
672 809 736 891 περὶ
760 813 812 891 τῆς
835 808 992 893 σωτηρίας·
1016 805 1122 876 ἐξεῖναι
1144 806 1177 869 δὲ
1200 807 1247 868 καὶ
1270 809 1328 868 τῶν
1351 804 1449 870 ἀλλων

156 921 232 1000 στῷ
255 915 425 999 βουλομένῳ
448 915 578 996 γράφειν,
601 909 632 975 ἵν’
655 912 685 980 ἐξ
708 912 843 975 ἁπάντων
860 912 998 993 αἱρῶνται
1013 911 1046 973 τδ
1063 908 1189 992 ἄριστον.
1278 906 1450 996 Κλειτοφῶν
1488 920 1504 976 3

191 1019 280 1080 δὲτὰ
304 1018 355 1100 μὲν
379 1015 454 1078 άλλα
477 1015 611 1098 καθάπερ
637 1013 815 1099 Πυθόδωρος
838 1013 926 1096 εἶπεν,
951 1016 1207 1098 προσαναζητῆσαι
1230 1013 1263 1076 δὲ
1285 1013 1352 1082 τοὺς
1373 1017 1451 1100 αἱρε·

192 1120 294 1189 θέντας
327 1117 451 1204 ἔγραψεν
485 1120 533 1180 καί
568 1117 634 1185 τοὺς
668 1116 805 1201 πατρίους
837 1118 944 1199 νόμους
977 1117 1026 1186 οὓς
1054 1114 1235 1200 Κλεισθένης
1267 1113 1375 1201 ἔθηκεν
1403 1118 1452 1182 ότε

190 1224 313 1308 καθίστη
338 1225 389 1307 τῆν
413 1221 618 1304 δημοκρατίαν,
647 1219 728 1288 όπως
750 1219 812 1303 <ἀν>
834 1220 1010 1289 ἀκούσαντες
1031 1221 1079 1284 καί
1102 1219 1212 1283 τούτων
1236 1220 1452 1305 βουλεύσωνται

192 1327 224 1390 τδ
253 1327 379 1411 ἄριστον,
415 1328 455 1394 ώς
483 1326 517 1388 ού
545 1324 705 1408 δημοτικὴν
732 1323 807 1386 ἀλλὰ
834 1326 1040 1408 παραπλησίαν
1068 1322 1157 1388 οὖσαν
1181 1324 1233 1408 τῆν
1257 1321 1453 1395 Κλεισθένους

144 1450 173 1497 10
192 1430 336 1494 πολιτείαν
359 1436 396 1514 τῆ
421 1429 564 1497 Σόλωνος.
653 1427 679 1489 οἱ
704 1425 729 1490 δ’
749 1427 915 1511 αἱρεθέντες
936 1433 1052 1512 πρώτον
1076 1429 1129 1511 μὲν
1147 1425 1274 1512 ἔγραψαν
1291 1428 1452 1514 ἐπάναγκες
1488 1438 1507 1494 4

192 1533 264 1598 εἶναι
291 1535 357 1603 τούς
379 1535 531 1617 πρυτάνεις
560 1532 673 1595 ἅπαντα
700 1530 737 1594 τά
759 1531 903 1613 λεγόμενα
925 1532 991 1615 περὶ
1014 1537 1066 1615 τῆς
1089 1532 1235 1615 σωτηρίας
1257 1531 1452 1618 ἐπιψηφίζειν,

193 1635 291 1701 ἔπειτα
314 1639 365 1706 τὰς
387 1642 445 1699 τών
469 1634 645 1718 παρανόμων
667 1633 781 1717 γραφὰς
804 1635 851 1697 καὶ
868 1634 920 1704 τάς
936 1634 1116 1716 εἰσαγγελίας
1132 1635 1180 1697 καλ
1196 1633 1247 1704 τὰς
1262 1639 1456 1722 προσκλήσεις

191 1741 315 1820 ἀνεῖλον,
350 1739 431 1807 ὅπως
455 1737 489 1801 ἀν
512 1738 539 1800 οἱ
562 1736 714 1805 ἐθέλοντες
734 1735 903 1818 Ἀθηναίων
926 1737 1150 1821 συμβουλεύωσι
1172 1739 1237 1822 περὶ
1260 1742 1319 1800 τῶν
1341 1762 1454 1826 προκει·

194 1842 302 1926 μένων·
336 1843 387 1905 ἐὰν
414 1840 447 1904 δέ
474 1864 514 1910 τις
542 1840 652 1904 τούτων
680 1842 764 1924 χάριν
792 1841 811 1923 ῆ
840 1844 943 1924 ζημιοῖ
967 1841 986 1924 ῆ
1014 1843 1216 1925 προσκαλῆται
1241 1841 1261 1924 ῆ
1285 1842 1390 1928 εἰσάγη
1413 1847 1455 1915 εἰς

145 1966 173 2016 15
192 1948 386 2032 δικαστήριον,
409 1942 525 2014 ἔνδειξιν
547 1944 636 2007 αὐτοῦ
660 1943 733 2006 εἶναι
754 1945 803 2008 καί
825 1945 985 2029 ἀπαγωγὴν
1008 1946 1080 2030 πρὸς
1096 1945 1162 2013 τοὺς
1178 1948 1366 2030 στρατηγούς,
1389 1949 1457 2018 τοὺς

193 2053 226 2114 δὲ
259 2050 436 2135 στρατηγοὺς
469 2051 648 2133 παραδοῦναι
681 2054 741 2117 τοῖς
771 2047 874 2112 ἕνδεκα
902 2049 1021 2134 θανάτῳ
1050 2054 1207 2132 ζημιῶσαι.
1320 2053 1393 2134 μετὰ
1423 2055 1456 2118 δὲ
1493 2063 1509 2118 ό

193 2158 284 2218 ταῦτα
311 2154 363 2236 τὴν
390 2152 535 2214 πολιτείαν
562 2149 691 2220 διέταξαν
719 2150 803 2214 τόνδε
830 2149 905 2235 <τὸν>
931 2151 1053 2234 τρόπον·
1088 2152 1124 2215 τά
1151 2155 1204 2236 μὲν
1230 2154 1372 2239 χρήματα
1393 2154 1455 2244 (τὰ)

193 2255 349 2342 προσιόντα
377 2256 419 2339 μὴ
447 2254 551 2324 ἐξεῖναι
578 2253 686 2317 άλλοσε
708 2256 874 2337 δαπανῆσαι
896 2255 915 2336 ῆ
939 2256 981 2322 είς
1003 2256 1052 2318 τὸν
1076 2256 1215 2339 πόλεμον,
1238 2257 1290 2326 τὰς
1313 2258 1344 2321 δ’
1362 2260 1457 2346 ἀρχὰς

195 2360 340 2444 ἀμίσθους
369 2358 469 2442 ἄρχειν
499 2357 613 2425 ἁπάσας
637 2356 694 2424 ἕως
716 2356 750 2419 ἄν
774 2357 789 2418 ό
813 2357 941 2439 πόλεμος
964 2355 996 2440 γ’γ,
1020 2359 1095 2442 πλὴν
1119 2364 1176 2422 τῶν
1200 2360 1283 2425 ἐννέα
1304 2361 1458 2448 ἀρχόντων

143 2485 175 2530 ευ
192 2465 240 2527 καὶ
269 2467 327 2526 τών
356 2462 524 2546 πρυτάνεων
547 2461 575 2522 οἳ
598 2459 632 2523 ἂν
656 2460 740 2522 ὦσιν·
774 2459 894 2528 τούτους
916 2461 949 2522 δὲ
971 2462 1069 2544 φέρειν
1091 2467 1168 2547 τρεῖς
1190 2464 1313 2550 ὀβολούς
1335 2465 1457 2532 ἕκαστον

193 2574 245 2653 τῆς
267 2566 387 2652 ἡμέρας.
418 2566 470 2648 τἠν
494 2564 520 2627 δ’
541 2563 632 2647 ἀλλην
655 2564 800 2626 πολιτείαν
824 2563 976 2648 ἐπιτρέψαι
998 2569 1095 2628 πᾶσαν
1105 2565 1271 2650 Ἀθηναίων
1294 2573 1355 2637 τοῖς
1377 2573 1458 2635 δυνα-

195 2674 334 2739 τωτάτοις
362 2671 408 2733 καὶ
438 2674 499 2738 τοῖς
528 2670 659 2749 σώμασιν
688 2669 735 2730 καί
762 2672 822 2736 τοῖς
850 2669 998 2752 χρήμασιν
1026 2672 1196 2755 λητουργεῖν
1225 2671 1266 2754 μῆ
1295 2669 1456 2758 έλαττονῆ

196 2773 447 2859 πεντακισχιλίοις,
482 2772 538 2841 έως
566 2769 600 2833 ἀν
629 2773 644 2833 ό
672 2770 800 2852 πόλεμος
825 2767 861 2854 ῆ·
898 2772 1011 2854 κυρίους
1041 2771 1066 2835 δ’
1088 2772 1160 2836 εἰναι
1183 2774 1301 2843 τούτους
1323 2778 1372 2840 καὶ
1394 2798 1459 2842 συν·

196 2879 291 2962 θῆκας
325 2877 510 2940 συντίθεσθαι
545 2875 617 2959 πρὸς
650 2873 699 2943 οὓς
734 2873 767 2936 ἀν
795 2873 951 2939 ἐθέλωσιν·
986 2875 1106 2940 ἑλέσθαι
1133 2878 1166 2940 δὲ
1203 2879 1250 2941 καί
1285 2884 1339 2963 τῆς
1366 2885 1461 2966 φυλῆς

145 3003 176 3051 25
195 2984 320 3066 ἑκάστης
343 2983 415 3045 δέκα
437 2980 542 3063 ἄνδρας
565 2978 637 3061 ὑπὲρ
660 2981 871 3063 τετταράκοντα
894 2977 946 3065 ἔτη
962 2979 1124 3064 γεγονότας,
1148 2981 1250 3053 οίτινες
1266 2983 1455 3055 καταλέξουσι

197 3087 263 3155 τοὺς
286 3084 534 3168 πεντακισχιλίους
558 3081 717 3163 ὀμόσαντες
738 3079 809 3146 καθ’
827 3084 914 3168 ἱερῶν
937 3084 1064 3148 τελείων.

148 3244 157 3293 1
178 3240 235 3310 του]
255 3259 284 3293 το
304 3239 344 3304 Bl,
364 3239 452 3291 K·W³
540 3238 557 3290 8
577 3237 606 3290 ἂν
624 3239 685 3290 add.
699 3239 788 3301 K-W;
808 3239 839 3291 cf.
853 3239 1049 3308 Meisterhans³,
1070 3259 1095 3310 p.
1109 3241 1161 3297 254
1258 3243 1289 3296 12
1308 3264 1395 3316 νομων
1413 3248 1516 3322 π(αρα)-

145 3348 239 3400 γραφάς
260 3329 302 3394 L',
320 3328 410 3396 π(αρα)
430 3326 480 3378 del.
500 3332 527 3379 et
546 3333 608 3380 ante
626 3345 714 3395 νομων
733 3337 868 3396 suprascr.
888 3327 935 3380 ΙΑ1
1042 3330 1193 3401 προκλησεις
1206 3331 1234 3398 L,
1254 3348 1320 3386 corr.
1339 3335 1379 3402 Βλ,
1399 3336 1481 3404 Wyss

148 3418 186 3470 14.
203 3417 234 3472 15
247 3437 263 3489 η
276 3435 312 3475 εις
324 3417 372 3470 δικ.
388 3415 407 3467 L
479 3415 510 3468 21
532 3433 606 3469 πασιν
626 3416 655 3481 L,
674 3433 740 3470 corr.
754 3416 889 3482 Νσκωαο,
909 3423 970 3470 cett.
1043 3418 1086 3472 22.
1100 3420 1133 3473 23
1151 3420 1403 3494 ῆπεντακισχιλίοις]
1422 3426 1460 3478 ita
1472 3424 1517 3495 Ι),

146 3525 182 3558 ων
200 3522 332 3574 suprascr.
346 3503 387 3568 L⁴,
407 3506 452 3574 qui
471 3504 583 3557 fortasse
602 3505 618 3573 ῆ
639 3521 692 3558 non
706 3506 828 3567 vidisset;
848 3505 897 3558 hoc
911 3513 998 3559 tamon
1012 3508 1145 3576 recipiunt
1164 3509 1190 3578 (ῆ
1205 3511 1304 3578 deleto)
1324 3512 1410 3580 K-W,
1429 3511 1473 3564 Βί3

146 3593 179 3647 24
197 3593 334 3659 τιθισθίαι)
359 3590 402 3658 L',
429 3608 473 3644 συν
497 3608 628 3660 suprascr.
654 3592 686 3644 L¹
829 3592 876 3659 δίε)
899 3594 964 3661 κίαι)
984 3593 1021 3658 L;
1045 3590 1069 3647 δ’
1086 3595 1116 3648 έκ
1141 3597 1301 3652 llerwsrden
1324 3599 1401 3666 (ll-L,
1426 3600 1466 3668 131,
1490 3599 1518 3668 S,

146 3683 257 3746 K·W³);
276 3682 329 3744 καί,
347 3683 365 3734 i.
379 3697 402 3732 ο.
423 3681 471 3733 hos
491 3696 572 3733 novos
592 3682 703 3748 insuper
722 3683 894 3749 magistratus
913 3681 971 3735 fieri

235 3819 248 3872 l
286 3820 367 3872 Tute.
392 3819 452 3871 vssl
475 3820 507 3871 θλ
544 3827 645 3888 πρῶτον
674 3824 718 3890 μέν
747 3821 791 3874 τόν
816 3821 897 3892 δῆμον
923 3821 1082 3884 ξυλλέξαντες
1111 3825 1178 3880 εἰπον
1207 3826 1312 3897 γνώμην
1341 3828 1403 3882 δέκα
1427 3829 1520 3900 ἄνδρας

146 3905 244 3961 ίλέσθαι
263 3906 419 3978 ξυγγραφέας
438 3909 638 3979 αὐτοκράτορας,
662 3911 767 3968 τούτους
785 3910 811 3963 δέ
831 3909 1019 3982 ξυγγράψαντες
1037 3913 1142 3986 γνώμην
1162 3917 1309 3986 εἰσενεγκεῖν
1332 3917 1357 3976 ές
1375 3917 1419 3970 τὸν
1438 3918 1519 3988 δῆμον

146 3997 170 4054 ές
188 3996 283 4067 ἡμέραν
303 3996 392 4068 ῥητήν,
417 3993 479 4049 καθ’
497 3995 511 4050 ό
529 4017 552 4050 τι
572 4000 658 4069 άριστα
677 4000 693 4068 ῆ
712 3999 782 4058 πόλις
801 4000 939 4069 οἰκψσεται.
981 4003 1075 4070 ἔπειτα,
1099 4004 1183 4076 ἰπειδῆ
1203 4006 1219 4076 i,
1238 4006 1319 4076 ῆμέρα
1338 4007 1427 4076 ἐφῆκε,
1450 4006 1519 4068 ξυνέ-

146 4083 242 4156 κλησαν
264 4085 312 4155 τὴν
332 4085 469 4154 ἐκκλησίαν
493 4089 519 4144 ἐς
541 4087 583 4139 τόν
603 4083 786 4141 Κολωνόν...
802 4130 828 4142 ..
846 4091 891 4141 καί
910 4090 1055 4160 εἰσήνεγκαν
1079 4092 1102 4144 οἰ
1122 4092 1265 4165 ξυγγραφῆς
1284 4094 1346 4147 ἀλλο
1370 4096 1415 4164 μέν
1439 4095 1519 4160 ούδίν,

146 4172 208 4225 αὐτὸ
227 4173 254 4225 δί
272 4178 357 4235 τοῦτο,
383 4174 472 4234 ἐξεῖναι
491 4177 537 4243 μὲν
547 4171 697 4244 Ἀθηναίων
714 4194 730 4223 ε
751 4178 860 4231 ἀνειπεῖν
880 4179 984 4248 γνώμην
1003 4181 1035 4250 ῆν
1054 4181 1084 4232 ἀν
1104 4200 1140 4240 τις
1161 4183 1295 4254 βούληται·
1318 4183 1350 4255 ῆν
1369 4184 1395 4237 δέ
1418 4203 1454 4243 τις
1475 4185 1520 4239 τδν

146 4262 249 4314 εἰπόντα
267 4261 283 4330 ῆ
299 4263 425 4332 γράψηται
438 4264 593 4333 παρανόμων
613 4265 628 4334 ῆ
649 4264 718 4334 ἄλλῳ
737 4285 774 4335 τιρ
793 4268 880 4338 τρόπῳ
902 4267 996 4338 βλάψη,
1016 4269 1126 4338 μεγάλας
1144 4271 1235 4341 ζημίας
1248 4271 1378 4325 ἰπέθεσαν.
1411 4272 1519 4326 ἐνταῦθα

148 4348 179 4418 δὴ
198 4348 322 4420 λαμπρῶς
342 4349 442 4420 ἐλέγετο
462 4352 509 4421 ἤδη
530 4353 594 4421 μήτε
614 4353 694 4425 ἀρχὴν
714 4354 799 4425 ἄρχειν
819 4355 943 4424 μηδεμίαν
962 4356 998 4408 έτι
1022 4359 1051 4410 ἐκ
1069 4363 1115 4411 τοῦ
1134 4359 1212 4412 αὑτοῦ
1232 4361 1329 4429 κόσμου
1348 4361 1413 4432 μήτε
1432 4359 1520 4430 μισθο-

147 4445 239 4507 φορεῖν,
259 4438 396 4508 προέδρους
414 4459 441 4493 τε
455 4439 555 4492 ἑλέσθαι
575 4442 647 4493 πέντε
667 4442 764 4511 ἄνδρας,
784 4444 890 4502 τούτους
909 4444 934 4497 δὲ
954 4444 1052 4498 ἑλέσθαι
1071 4447 1164 4500 έκατόν
1183 4448 1282 4520 ἄνδρας,
1301 4451 1345 4502 καὶ
1363 4455 1416 4502 τῶν
1429 4450 1521 4504 έκατόν

147 4524 252 4578 ἰκαστον
271 4525 332 4595 πρός
351 4527 441 4578 ἑαυτὸν
461 4536 537 4597 τρεῖς·
558 4527 677 4587 ἐλθόντας
697 4528 723 4581 δὲ
741 4529 833 4588 αὐτοὺς
852 4531 1027 4602 τετρακοσίους
1046 4532 1120 4592 όντας
1139 4535 1163 4593 ἐς
1182 4536 1210 4588 τό
1231 4537 1416 4609 βουλευτήριον,
1435 4539 1521 4613 ἄρχειν

147 4610 196 4683 όπη
225 4613 255 4666 ἂν
285 4614 372 4684 άριστα
396 4615 569 4686 γιγνώσκωσιν
594 4617 793 4687 αὐτοκράτορας,
822 4621 865 4672 καὶ
894 4622 952 4678 τοὺς
976 4622 1191 4696 πεντακισχιλίους
1219 4624 1245 4678 δέ
1274 4625 1400 4697 ξυλλέγειν
1427 4628 1522 4682 ὁπόταν

147 4701 230 4760 αυτοῖς
249 4702 323 4776 δοκη.

235 4791 251 4842 2
271 4790 359 4843 Schol.
372 4791 454 4845 Arist.
469 4792 579 4860 Lysistr.
594 4794 643 4846 421
664 4793 732 4857 (RL3
752 4811 835 4848 exser.
850 4795 924 4848 Suid.
938 4813 960 4852 s.
974 4814 997 4850 v.
1011 4800 1159 4871 πρόβουλοι)
1178 4802 1315 4873 πρόβουλοι
1328 4804 1390 4876 πρὸς
1403 4812 1455 4864 τοῖς
1468 4806 1523 4860 οἰισι

148 4875 208 4932 δέκα
227 4878 299 4950 (πρὸς
318 4880 399 4933 τοῖσδε
420 4883 515 4933 omisso
536 4881 590 4934 ούσι
604 4881 661 4944 RL;
689 4882 749 4953 πρὸς
767 4892 819 4941 τοίς
838 4884 894 4937 ούσι
912 4885 999 4950 Suid.;
1028 4905 1091 4942 corr.
1106 4891 1138 4943 H.
1152 4891 1287 4958 Valesius)
1304 4887 1433 4966 ᾑρέθησαν
1451 4894 1523 4950 ἄλλοι

148 4967 173 5034 i,
191 4967 382 5038 εἰσηγησάμενοι
400 4970 431 5021 τὰ
449 4969 573 5023 δοκοῦντα
593 4970 709 5041 βέλτιστα
727 4974 758 5042 τῆ
778 4971 890 5044 πολιτείᾳ
909 4979 974 5042 μετὰ
992 4978 1039 5049 τἠν
1058 4978 1084 5030 έν
1103 4982 1135 5050 τῆ
1155 4976 1258 5050 Σικελίᾳ
1276 4986 1416 5054 συμφοράν.

200 5069 448 5127 suppssrsst.1112.
475 5071 547 5117 Arist.
561 5084 579 5117 r.
592 5086 613 5128 p.
630 5072 712 5117 Athen.
1287 5084 1304 5137 3
