3510 5610
717 857 1141 926 EPIMETRUM

336 1144 386 1210 De
408 1144 500 1210 titulo
528 1145 582 1228 qui
609 1166 638 1228 p.
655 1145 699 1211 IV
717 1147 766 1213 18.
785 1148 824 1212 19
849 1147 933 1214 inter
959 1148 1162 1214 Prooemium
1189 1156 1222 1215 et
1247 1150 1399 1217 Menonia
1424 1150 1609 1217 interiectus

251 1271 315 1348 est,
342 1262 461 1329 addam
483 1282 566 1347 quae
589 1263 666 1328 mibi
688 1285 791 1348 nuper
812 1265 844 1329 in
867 1274 1007 1332 mentem
1029 1276 1196 1335 venerunt.
1241 1290 1311 1334 cum
1335 1269 1421 1335 enim
1443 1272 1609 1354 exemplar

251 1384 330 1449 lucis
349 1405 410 1468 ope
426 1384 617 1467 confectum,
640 1383 726 1450 unde
745 1390 903 1470 autotypa
925 1388 1055 1454 tabulae
1070 1389 1104 1452 Il
1126 1407 1280 1471 expressa
1294 1394 1379 1471 sunt,
1401 1387 1608 1472 accepissem,

250 1502 490 1569 versatissimum
513 1504 602 1569 illum
625 1504 729 1569 locum
753 1504 858 1570 denuo
885 1507 1067 1572 examinavi
1096 1513 1128 1572 et
1154 1508 1240 1590 quod
1266 1528 1331 1573 non
1358 1527 1431 1573 raro
1460 1507 1608 1575 accidere

249 1624 345 1706 solet,
372 1622 439 1688 vidi
468 1623 608 1708 priorem
630 1625 744 1689 saltem
767 1643 893 1689 versum
918 1627 1014 1709 paulo
1038 1627 1155 1692 clarius
1177 1627 1240 1709 legi
1264 1627 1296 1692 in
1319 1627 1489 1692 simulacro
1512 1646 1607 1709 quam

249 1742 280 1806 in
309 1743 382 1827 ipsa
408 1761 541 1828 papyro.
597 1742 705 1825 itaque
731 1764 816 1808 nunc
842 1743 919 1808 mibi
947 1747 1014 1811 veri
1047 1746 1159 1811 similis
1193 1753 1244 1812 est
1276 1745 1357 1812 baec
1390 1745 1485 1812 lectio
1520 1745 1608 1830 [κατὰ

252 1862 414 1948 ιι]λά[τ]οι.
441 1862 592 1945 intellego
610 1863 694 1927 enim
709 1863 802 1929 titulo
818 1862 879 1926 hoo
895 1861 979 1928 Κατὰ
994 1867 1102 1935 πλάτος
1116 1865 1195 1931 νόσοι
1209 1866 1350 1931 voluisse
1365 1863 1606 1948 compilatorem

249 1984 420 2049 transitum
444 1982 624 2066 significare
647 1982 689 2046 ad
713 1983 862 2049 uberiora
883 1983 941 2048 illa
963 2005 1003 2049 ex
1019 1984 1177 2051 Menoniis
1199 1994 1361 2071 excerpta.
1394 1984 1513 2052 etenim
1536 2005 1607 2048 cum

249 2101 445 2188 prooemium
478 2108 624 2168 versetur
656 2103 689 2166 in
719 2103 829 2186 rebus,
862 2122 945 2186 quae
978 2103 1021 2168 ad
1053 2103 1291 2189 philosophiam
1324 2104 1427 2188 magis
1460 2111 1608 2188 spectant

249 2220 409 2304 quemad
432 2220 638 2300 medicinam,
666 2221 735 2307 ipse
757 2221 845 2287 filum
868 2221 1052 2307 disputandi
1076 2224 1211 2290 subinde
1233 2224 1442 2307 interrupisse
1465 2224 1517 2288 vel
1540 2223 1608 2289 bre-

249 2340 319 2406 vius
334 2341 535 2425 excerpsisse
550 2340 686 2426 videtur,
710 2343 736 2407 si
759 2342 886 2426 quidem
909 2341 979 2426 ipse
1001 2342 1142 2407 taedium
1159 2342 1244 2408 baud
1261 2344 1394 2410 obscure
1417 2342 1609 2426 significavit

248 2461 337 2526 velut
359 2463 407 2525 καὶ
431 2465 483 2545 τῆς
506 2461 557 2544 μὲν
580 2460 745 2547 ἐντρεχείας
766 2463 814 2525 ἐπὶ
835 2468 887 2528 τοῦ
915 2462 1056 2546 παρόντος
1081 2461 1116 2524 ob
1143 2459 1292 2547 χρῄζομεν
1319 2464 1428 2562 (124)
1453 2463 1505 2528 vel
1532 2463 1607 2526 ἀλλὰ

248 2585 333 2644 τοῦτο
356 2584 417 2651 τοῖς
438 2582 597 2666 νεωτέροις’
612 2582 732 2664 μελήσει
755 2581 801 2665 (ΙΙ
816 2581 881 2666 30).
925 2581 989 2645 iam
1013 2602 1089 2646 vero
1113 2602 1183 2646 cum
1207 2582 1401 2648 medicorum
1424 2582 1466 2647 de
1488 2581 1607 2646 morbis

248 2701 416 2785 opiniones
432 2709 594 2785 tractaret,
605 2711 855 2768 consentaneum
872 2708 921 2767 est
936 2701 1097 2785 copiosius
1109 2708 1142 2767 et
1156 2701 1337 2784 religiosius
1352 2722 1424 2767 eurn
1440 2702 1606 2784 exemplar·

246 2841 339 2886 suurn
361 2821 561 2906 compilasse.
603 2822 748 2887 similiter
762 2821 931 2886 Ammonio
955 2820 1007 2904 qui
1031 2821 1105 2885 addi
1127 2823 1209 2887 solet
1223 2821 1449 2904 grammaticus
1470 2820 1607 2904 primum

247 2941 387 3008 breviter
402 2944 469 3027 περὶ
492 2944 691 3028 βαρβαρισμοῦ
712 2948 744 3006 ei
766 2943 831 3026 περὶ
848 2945 1033 3023 σολοικισμοῦ
1055 2941 1394 3024 ogit(p.189—193)‚
1417 2947 1483 3005 tum
1499 2961 1529 3024 p.
1545 2941 1605 3004 193

247 3062 354 3147 ἑτέρως
387 3064 453 3146 περὶ
486 3063 683 3148 βαρβαρισμοῦ
710 3061 784 3125 κατὰ
810 3065 918 3130 πλάτος
944 3061 1083 3142 itemque
1112 3081 1143 3143 p.
1158 3062 1216 3125 197
1253 3061 1321 3145 Περὶ
1356 3062 1501 3130 σολοικίας
1532 3060 1605 3123 κατὰ

245 3184 363 3252 πλάτος.
400 3182 539 3265 itemque
555 3180 703 3246 Laertius
718 3181 882 3263 Diogenes
904 3180 935 3243 in
959 3177 1075 3243 Stoicis
1097 3178 1172 3260 (Vll
1187 3180 1244 3261 le)
1265 3179 1308 3243 ad
1330 3199 1370 3244 ea
1394 3180 1518 3261 relegat
1539 3181 1605 3263 περὶ

246 3302 288 3365 ὧν
311 3302 341 3364 ἐν
364 3308 408 3387 τῷ
431 3304 533 3365 πλάτει
555 3301 686 3384 λέγομεν.
718 3300 816 3382 quid?
838 3301 923 3384 quod
938 3297 1066 3365 Aeliani
1088 3297 1208 3380 duplex
1230 3297 1335 3364 extitit
1356 3278 1616 3383 Byzantinorum

247 3421 445 3505 temporibus
468 3421 577 3501 editio,
608 3440 741 3503 quarum
763 3422 797 3483 τὸ
819 3422 927 3490 πλάτος
949 3419 969 3484 i.
986 3440 1013 3486 e.
1037 3418 1195 3499 integram
1217 3418 1350 3502 opponit
1372 3419 1532 3504 epitomae
1554 3439 1606 3484 ex-

246 3547 376 3626 cerptor
398 3538 601 3606 Constantini
626 3538 679 3624 [cf.
700 3539 756 3623 Sp.
774 3540 929 3605 lambros
951 3539 984 3602 in
1007 3539 1228 3604 Surruuuuurr
1251 3536 1346 3602 buius
1366 3539 1415 3602 11
1440 3560 1470 3622 p.
1483 3538 1530 3603 Xl
1543 3536 1604 3621 sup]

246 3668 403 3743 cognatus
425 3667 474 3725 est
496 3658 581 3739 huic,
605 3660 662 3724 sed
685 3667 792 3726 tamen
815 3661 911 3745 paulo
934 3658 1033 3723 distat
1055 3679 1141 3742 usus,
1165 3665 1200 3722 ut
1220 3659 1253 3721 τὸ
1277 3657 1308 3721 ἐν
1329 3661 1431 3722 πλάτει
1453 3658 1605 3740 (samona-

250 3780 321 3862 to'm)
346 3778 526 3862 oppositum
554 3777 595 3842 sit
622 3786 665 3864 τῷ
691 3779 755 3844 κατ’
786 3777 964 3863 ἀπαρτισμὸν
992 3777 1061 3841 sim.
1081 3777 1261 3862 (cumrato),
1293 3783 1328 3842 ut
1354 3777 1441 3861 apud
1469 3775 1604 3861 Dionys.

183 3970 186 3975 ,
247 3898 351 3964 Halio.
374 3897 415 3963 de
443 3917 547 3978 comp.
574 3899 718 3964 verbil
742 3922 772 3984 p.
791 3899 993 3964 14118611.
1021 3904 1053 3963 et
1079 3917 1179 3981 saepo
1205 3896 1292 3980 apud
1320 3895 1546 3979 grammaticos
1572 3901 1605 3958 et

247 4016 458 4101 philosophos
481 4016 684 4100 posteriores.
719 4018 806 4101 prior
827 4017 1019 4100 significatio
1042 4016 1126 4080 inest
1144 4016 1299 4082 adverbio
1314 4019 1478 4092 πλατυιιῶς,
1501 4014 1605 4079 altera

245 4140 392 4205 πλατιιιῶι
408 4137 536 4220 plateoe,
559 4136 600 4201 de
622 4156 684 4218 quo
707 4136 923 4201 consulendus
946 4135 1110 4201 Usenerus
1135 4134 1227 4219 [Mus.
1243 4134 1345 4200 Rbeu.
1361 4135 1468 4199 XXIV
1486 4131 1572 4215 311].
